% Encoding: windows-1252

@article{CMS-SMP-12-015,
    author    = "{The CMS Collaboration}",
    title     = "Measurement of the sum of WW and WZ production with W+dijet events in pp collisions at $\sqrt(s) = 7\unit{TeV}$",
    journal   = "arXiv",
    year      = 2012,
    note      = "\href{http://cms.cern.ch/iCMS/analysisadmin/getcfile?file=next&comment=192}{\beamergotobutton{arXiv:submit/0582122v2 [hep-ph]}}",
}
@article{CMS-AN-12-224,
    author    = "Nural Akchurin and Jake Anderson and Chayanit Asawatangtrakuldee and Andrew Beretvas and Jeffrey Berryhill and Pushpa Bhat and Chris Clarke and Jordan Damgov and Phil Dudero and Ricardo Eusebi and Dan Green and Robert Harr and Pratima Jindal and Kristina Krylova and Ajay Kumar and Sung-Won Lee and Qiang Li and Kellen McGee and Kalanand Mishra and Md. Naimuddin and Ilya Osipenkov and Alexx Perloff and Kirti Ranjan and Sasha Sakharov and Ram K Shivpuri and Kevin Siehl and Andre Sznajder and Nhan V. Tran and Zijun Xu and Weimin Wu and Fan Yang and Francisco Yumiceva and Wei Zou",
    title     = "Measurement of WW+WZ cross section in semi-leptonic decays in pp collisions at $\sqrt(s) = 7\unit{TeV}$",
    journal   = "CMS Analysis Note",
    year      = 2012,
    note      = "CMS AN AN-12-224",
}
@article{CMS-AN-11-151,
    author    = "Nural Akchurin and Jake Anderson and Chayanit Asawatangtrakuldee and Andrew Beretvas and Jeffrey Berryhill and Pushpa Bhat and Chris Clarke and Jordan Damgov and Phil Dudero and Ricardo Eusebi and Dan Green and Robert Harr and Pratima Jindal and Kristina Krylova and Ajay Kumar and Sung-Won Lee and Qiang Li and Kellen McGee and Kalanand Mishra and Md. Naimuddin and Ilya Osipenkov and Alexx Perloff and Kirti Ranjan and Sasha Sakharov and Ram K Shivpuri and Kevin Siehl and Andre Sznajder and Nhan V. Tran and Zijun Xu and Weimin Wu and Fan Yang and Francisco Yumiceva and Wei Zou",
    title     = "Measurement of WW+WZ cross section in semi-leptonic decays in pp collisions at $\sqrt(s) = 7\unit{TeV}$",
    journal   = "CMS Analysis Note",
    year      = 2011,
    note      = "CMS AN AN-11-151",
}
@misc{Eusebi2008,
    author    = "Ricardo Eusebi",
    title     = "Work on the WH during the last weeks",
    year      = "2008",
    month     = "December",
    note      = "CDF WH Meeting",
}
@phdthesis{Canelli2003,
  author = {Canelli, Florencia},
  title = {Helicity of the W Boson in Single-Lepton Events},
  school = {University of Rochester},
  year = 2003,
}
@phdthesis{Dong2008,
   author     = "Peter Joseph Dong",
   title      = "Measurement of Electroweak Single Top Quark Production in Proton-Antiproton Collisions at $1.96\unit{TeV}$",
   school     = "{University of California, Los Angeles}",
   year       = "2008",
}

@book{Martin2008,
    author    = "B.R. Martin and G. Shaw",
    editor    = "F.K. Loebinger and F. Mandl and D.J. Sandiford",
    title     = "Particle Physics",
    edition   = "Third",
    year      = "2008",
    publisher = "Wiley",
    address   = "Chichester, West Sussex, United Kingdom",
    isbn      = "978-0-470-03294-7"
}

@book{Griffiths2008,
  author    = "David Griffiths",
  title     = "Introductionto Elementary Particles",
  edition   = "Second, Revised",
  year      = "2008",
  publisher = "Wiley-VCH",
  address   = "Weinheim, Germany",
  isbn      = "978-3-527-40601-2"}

@book{Halzen1984,
  author    = "Francis Halzen and Alan D. Martin",
  title     = "Quarks \& Leptons: An Introductory Course in Modern Particle Physics",
  year      = "1984",
  publisher = "John Wiley \& Sons, Inc.",
  address   = "Hoboken, NJ",
  isbn      = "978-0471887416"}

@book{Perkins2000,
  author    = "Donald H. Perkins",
  title     = "Introduction to High Energy Physics",
  edition   = "4th",
  year      = "2000",
  publisher = "Cambridge University Press",
  address   = "New York, NY",
  isbn      = "0-521-62196-8"}

@article{Khachatryan:2016tnr,
      author        = "Khachatryan, Vardan and others",
      title          = "{Combined search for anomalous pseudoscalar {HVV} couplings in {VH(H $\to b \bar b$)} production and {H $\to$ VV} decay}",
      collaboration  = "CMS",
      journal        = "Phys. Lett.",
      volume         = "B759",
      year           = "2016",
      pages          = "672-696",
      doi            = "10.1016/j.physletb.2016.06.004",
      eprint         = "1602.04305",
      archivePrefix  = "arXiv",
      primaryClass   = "hep-ex",
      reportNumber   = "CMS-HIG-14-035, CERN-PH-EP-2015-331",
      SLACcitation   = "%%CITATION = ARXIV:1602.04305;%%"
}

@techreport{Khachatryan:2131656,
      author        = "Khachatryan, Vardan and Sirunyan, Albert M and Tumasyan,
                       Armen and Adam, Wolfgang and Aşılar, Ece and Bergauer,
                       Thomas and Brandstetter, Johannes and Brondolin, Erica and
                       Dragicevic, Marko and Erö, Janos and Flechl, Martin and
                       Friedl, Markus and Fruehwirth, Rudolf", %and others
      title         = "{Search for anomalous {HVV} couplings in associated Higgs production with {H $\to b \bar b$}}",
      institution   = "CERN",
      collaboration = "CMS Collaboration",
      address       = "Geneva",
      number        = "CMS PAS HIG-14-035",
      month         = "November",
      year          = "2015",
      url           = "http://cms.cern.ch/iCMS/analysisadmin/versions?analysis=HIG-14-035",
}

@article{Khachatryan:2014kca,
      author         = "Khachatryan, Vardan and others",
      title          = "{Constraints on the spin-parity and anomalous HVV
                        couplings of the Higgs boson in proton collisions at 7 and
                        8 TeV}",
      collaboration  = "CMS",
      journal        = "Phys. Rev.",
      volume         = "D92",
      year           = "2015",
      number         = "1",
      pages          = "012004",
      doi            = "10.1103/PhysRevD.92.012004",
      eprint         = "1411.3441",
      archivePrefix  = "arXiv",
      primaryClass   = "hep-ex",
      reportNumber   = "CMS-HIG-14-018, CERN-PH-EP-2014-265",
      SLACcitation   = "%%CITATION = ARXIV:1411.3441;%%",
      url            = "http://cms.cern.ch/iCMS/analysisadmin/versions?analysis=HIG-14-018",
}

@article{Bolognesi:2012mm,
      author         = "Bolognesi, Sara and Gao, Yanyan and Gritsan, Andrei V.
                        and Melnikov, Kirill and Schulze, Markus and Tran, Nhan V.
                        and Whitbeck, Andrew",
      title          = "{On the spin and parity of a single-produced resonance at
                        the {LHC}}",
      journal        = "Phys. Rev.",
      volume         = "D86",
      year           = "2012",
      pages          = "095031",
      doi            = "10.1103/PhysRevD.86.095031",
      eprint         = "1208.4018",
      archivePrefix  = "arXiv",
      primaryClass   = "hep-ph",
      reportNumber   = "ANL-HEP-PR-12-62, FERMILAB-PUB-12-475-PPD",
      SLACcitation   = "%%CITATION = ARXIV:1208.4018;%%"
}

@article{Aad:2013xqa,
      author         = "Aad, Georges and others",
      title          = "{Evidence for the spin-0 nature of the {Higgs} boson using
                        {ATLAS} data}",
      collaboration  = "ATLAS",
      journal        = "Phys. Lett.",
      volume         = "B726",
      year           = "2013",
      pages          = "120-144",
      doi            = "10.1016/j.physletb.2013.08.026",
      eprint         = "1307.1432",
      archivePrefix  = "arXiv",
      primaryClass   = "hep-ex",
      reportNumber   = "CERN-PH-EP-2013-102",
      SLACcitation   = "%%CITATION = ARXIV:1307.1432;%%"
}

@article{Agashe:2014kda,
      author         = "Olive, K. A. and others",
      title          = "{Review of Particle Physics}",
      collaboration  = "Particle Data Group",
      journal        = "Chin. Phys.",
      volume         = "C38",
      year           = "2014",
      pages          = "090001",
      doi            = "10.1088/1674-1137/38/9/090001",
      SLACcitation   = "%%CITATION = CHPHD,C38,090001;%%"
}
@article{Olive:2016xmw,
      author         = "Patrignani, C. and others",
      title          = "{Review of Particle Physics}",
      collaboration  = "Particle Data Group",
      journal        = "Chin. Phys.",
      volume         = "C40",
      year           = "2016",
      number         = "10",
      pages          = "100001",
      doi            = "10.1088/1674-1137/40/10/100001",
      SLACcitation   = "%%CITATION = CHPHD,C40,100001;%%"
}

@inproceedings{Asner:2013psa,
      author         = "Asner, D. M. and others",
      title          = "{ILC Higgs White Paper}",
      booktitle      = "{Community Summer Study 2013: Snowmass on the Mississippi
                        (CSS2013) Minneapolis, MN, USA, July 29-August 6, 2013}",
      url            = "https://inspirehep.net/record/1256491/files/arXiv:1310.0763.pdf",
      year           = "2013",
      eprint         = "1310.0763",
      archivePrefix  = "arXiv",
      primaryClass   = "hep-ph",
      SLACcitation   = "%%CITATION = ARXIV:1310.0763;%%"
}

@techreport{Butler:2055167,
      author        = "Butler, J and Contardo, D and Klute, M and Mans, J and
                       Silvestris, L and on behalf of the CMS, Collaboration",
      title         = "{CMS Phase II Upgrade Scope Document}",
      institution   = "CERN",
      collaboration = "CMS Collaboration",
      address       = "Geneva",
      number        = "CERN-LHCC-2015-019. LHCC-G-165",
      month         = "Sep",
      year          = "2015",
      reportNumber  = "CERN-LHCC-2015-019",
      url           = "https://cds.cern.ch/record/2055167",
}

@misc{Cumalat2014,
    title     = {Overview of US CMS Phase 2 Upgrade Program},
    author    = {John Cumalat},
    year      = {2014},
    address     = {Washington, DC},
    note      = {HEP PI Meeting},
    howpublished = "\url{https://www.orau.gov/heppi2014/presentations/CMSPhaseII.pdf}",
}

@misc{Hill2010,
    title     = {Lecture 2 - The CMS \& ATLAS detectors},
    author      = {Christopher S. Hill},
    year      = {2010},
    note      = {Warwick Week},
    howpublished = "\url{https://www2.warwick.ac.uk/fac/sci/physics/staff/academic/gershon/gradteaching/warwickweek/material/lhcphysics/chill_warwick_lhc_2010_2.pdf}",
}

@misc{Jakobs2011,
    title     = {Important differences between the ATLAS and CMS detectors},
    author      = {K. Jakobs},
    year      = {2011},
    howpublished = "\url{https://portal.uni-freiburg.de/jakobs/dateien/vorlesungsdateien/wpf2hadroncollider/kap2c}",
}

@techreport{Pedro2012,
      author        = "Pedro, Kevin and Eno, Sarah and Anelli, Chris and Ledovskoy, Alexander and others",
      title         = "{Simulations for Phase 2 Calorimeter Upgrades}",
      institution   = "CERN",
      collaboration = "CMS Collaboration",
      address       = "Geneva",
      number        = "CMS-AN-12-447",
      month         = "Jan",
      year          = "2012",
      reportNumber  = "CMS-AN-12-447",
      url           = "http://cms.cern.ch/iCMS/jsp/openfile.jsp?tp=draft&files=AN2012_447_v5.pdf",
}

@online{Randle-Conde2012,
      author = {Aidan Randle-Conde},
      title = {Spinning out of control!},
      year = 2012,
      url = {http://www.quantumdiaries.org/2012/07/16/spinning-out-of-control/},
      urldate = {2016-07-21}
}

@online{wiki:Landau-Yang,
      author = "Wikipedia",
      title = "{Landau–Yang theorem} --- {Wikipedia, The Free Encyclopedia}",
      year = 2016,
      url = {https://en.wikipedia.org/w/index.php?title=Landau%E2%80%93Yang_theorem&oldid=729289054},
      urldate = {2016-07-21}
 }

@online{Tanedo2011,
      author = "Flip Tanedo",
      title = "The spin of gauge bosons: vector particles",
      year = 2011,
      url = {http://www.quantumdiaries.org/2011/08/23/the-spin-of-gauge-bosons-vector-particles/},
      urldate = {2016-07-21}
}

@techreport{Contardo:2020886,
      author        = "Contardo, D and Klute, M and Mans, J and Silvestris, L and
                       Butler, J",
      title         = "{Technical Proposal for the Phase-II Upgrade of the CMS
                       Detector}",
      address       = "Geneva",
      number        = "CERN-LHCC-2015-010. LHCC-P-008. CMS-TDR-15-02",
      month         = "Jun",
      year          = "2015",
      reportNumber  = "CERN-LHCC-2015-010",
      url           = "https://cds.cern.ch/record/2020886",
      note          = "Upgrade Project Leader Deputies: Lucia Silvestris
                       (INFN-Bari), Jeremy Mans (University of Minnesota)
                       Additional contacts: Lucia.Silvestris@cern.ch,
                       Jeremy.Mans@cern.ch",
}

@techreport{Butler:2055167,
      author        = "Butler, J and Contardo, D and Klute, M and Mans, J and
                       Silvestris, L and on behalf of the CMS, Collaboration",
      title         = "{CMS Phase II Upgrade Scope Document}",
      institution   = "CERN",
      collaboration = "CMS Collaboration",
      address       = "Geneva",
      number        = "CERN-LHCC-2015-019. LHCC-G-165",
      month         = "Sep",
      year          = "2015",
      reportNumber  = "CERN-LHCC-2015-019",
      url           = "https://cds.cern.ch/record/2055167",
}

@article{DPS2011,
    author    = "{The CMS Collaboration}",
    title     = "Jet energy Scale performance in 2011",
    journal   = "CMS Performance Note",
    year      = 2012,
    note      = "CMS DP-2012/006",
}


























@Comment{Introduction}
@Article{Weyl1929,
author="Weyl, Hermann",
title="Elektron und Gravitation. I",
journal="Zeitschrift f{\"u}r Physik",
year="1929",
month="May",
day="01",
volume="56",
number="5",
pages="330--352",
issn="0044-3328",
doi="10.1007/BF01339504",
url="https://doi.org/10.1007/BF01339504"
}

@Electroweak Interaction
@article{PhysRev.96.191,
  title = {Conservation of Isotopic Spin and Isotopic Gauge Invariance},
  author = {Yang, C. N. and Mills, R. L.},
  journal = {Phys. Rev.},
  volume = {96},
  issue = {1},
  pages = {191--195},
  numpages = {0},
  year = {1954},
  month = {Oct},
  publisher = {American Physical Society},
  doi = {10.1103/PhysRev.96.191},
  url = {https://link.aps.org/doi/10.1103/PhysRev.96.191}
}

@article{GLASHOW1961579,
title = "Partial-symmetries of weak interactions",
journal = "Nuclear Physics",
volume = "22",
number = "4",
pages = "579 - 588",
year = "1961",
note = "",
issn = "0029-5582",
doi = "http://dx.doi.org/10.1016/0029-5582(61)90469-2",
url = "http://www.sciencedirect.com/science/article/pii/0029558261904692",
author = "Sheldon L. Glashow",
}

@article{PhysRevLett.19.1264,
  title = {A Model of Leptons},
  author = {Weinberg, Steven},
  journal = {Phys. Rev. Lett.},
  volume = {19},
  issue = {21},
  pages = {1264--1266},
  numpages = {0},
  year = {1967},
  month = {Nov},
  publisher = {American Physical Society},
  doi = {10.1103/PhysRevLett.19.1264},
  url = {https://link.aps.org/doi/10.1103/PhysRevLett.19.1264}
}

@inproceedings{salam1968,
  author       = {Salam, Abdus},
  editor       = {Svartholm, Nils},
  title        = {Weak and Electromagnetic Interactions},
  date         = {1968},
  booktitle    = {Elementary particle theory},
  booksubtitle = {Relativistic groups and analyticity},
  booktitleaddon= {Proceedings of the Eighth Nobel Symposium},
  eventdate    = {1968-05-19/1968-05-25},
  venue        = {Aspen{\"a}sgarden, Lerum},
  publisher    = {Almquist \& Wiksell},
  location     = {Stockholm},
  pages        = {367-377},
}

@Higgs Mechanism
@article{PhysRevLett.13.321,
  title = {Broken Symmetry and the Mass of Gauge Vector Mesons},
  author = {Englert, F. and Brout, R.},
  journal = {Phys. Rev. Lett.},
  volume = {13},
  issue = {9},
  pages = {321--323},
  numpages = {0},
  year = {1964},
  month = {Aug},
  publisher = {American Physical Society},
  doi = {10.1103/PhysRevLett.13.321},
  url = {https://link.aps.org/doi/10.1103/PhysRevLett.13.321}
}
@article{PhysRevLett.13.508,
  title = {Broken Symmetries and the Masses of Gauge Bosons},
  author = {Higgs, Peter W.},
  journal = {Phys. Rev. Lett.},
  volume = {13},
  issue = {16},
  pages = {508--509},
  numpages = {0},
  year = {1964},
  month = {Oct},
  publisher = {American Physical Society},
  doi = {10.1103/PhysRevLett.13.508},
  url = {https://link.aps.org/doi/10.1103/PhysRevLett.13.508}
}
@article{Higgs:1966ev,
      author         = "Higgs, Peter W.",
      title          = "{Spontaneous Symmetry Breakdown without Massless Bosons}",
      journal        = "Phys. Rev.",
      volume         = "145",
      year           = "1966",
      pages          = "1156-1163",
      doi            = "10.1103/PhysRev.145.1156",
      SLACcitation   = "%%CITATION = PHRVA,145,1156;%%"
}
@article{PhysRevLett.13.585,
  title = {Global Conservation Laws and Massless Particles},
  author = {Guralnik, G. S. and Hagen, C. R. and Kibble, T. W. B.},
  journal = {Phys. Rev. Lett.},
  volume = {13},
  issue = {20},
  pages = {585--587},
  numpages = {0},
  year = {1964},
  month = {Nov},
  publisher = {American Physical Society},
  doi = {10.1103/PhysRevLett.13.585},
  url = {https://link.aps.org/doi/10.1103/PhysRevLett.13.585}
}
@article{Kibble:1967sv,
      author         = "Kibble, T. W. B.",
      title          = "{Symmetry breaking in nonAbelian gauge theories}",
      journal        = "Phys. Rev.",
      volume         = "155",
      year           = "1967",
      pages          = "1554-1561",
      doi            = "10.1103/PhysRev.155.1554",
      SLACcitation   = "%%CITATION = PHRVA,155,1554;%%"
}
@Strong Force
@article{Neeman:1961jhl,
      author         = "Ne'eman, Yuval",
      title          = "{Derivation of strong interactions from a gauge invariance}",
      journal        = "Nucl. Phys.",
      volume         = "26",
      year           = "1961",
      pages          = "222-229",
      doi            = "10.1016/0029-5582(61)90134-1",
      SLACcitation   = "%%CITATION = NUPHA,26,222;%%"
}
@article{GellMann:1962xb,
      author         = "Gell-Mann, Murray",
      title          = "{Symmetries of baryons and mesons}",
      journal        = "Phys. Rev.",
      volume         = "125",
      year           = "1962",
      pages          = "1067-1084",
      doi            = "10.1103/PhysRev.125.1067",
      SLACcitation   = "%%CITATION = PHRVA,125,1067;%%"
}
@article{GellMann:1964nj,
      author         = "Gell-Mann, Murray",
      title          = "{A Schematic Model of Baryons and Mesons}",
      journal        = "Phys. Lett.",
      volume         = "8",
      year           = "1964",
      pages          = "214-215",
      doi            = "10.1016/S0031-9163(64)92001-3",
      SLACcitation   = "%%CITATION = PHLTA,8,214;%%"
}
@article{Zweig:1981pd,
      author         = "Zweig, G.",
      title          = "{An SU(3) model for strong interaction symmetry and its breaking. Version 1}",
      year           = "1964",
      reportNumber   = "CERN-TH-401",
      SLACcitation   = "%%CITATION = CERN-TH-401;%%"
}
@article{Fritzsch:1972jv,
      author         = "Fritzsch, Harald and Gell-Mann, Murray",
      title          = "{Current algebra: Quarks and what else?}",
      booktitle      = "{Proceedings, 16th International Conference on High-Energy Physics, ICHEP, Batavia, Illinois, 6-13 Sep 1972}",
      journal        = "eConf",
      volume         = "C720906V2",
      year           = "1972",
      pages          = "135-165",
      eprint         = "hep-ph/0208010",
      archivePrefix  = "arXiv",
      primaryClass   = "hep-ph",
      SLACcitation   = "%%CITATION = HEP-PH/0208010;%%"
}

@article{PhysRevLett.13.598,
  title = {Spin and Unitary-Spin Independence in a Paraquark Model of Baryons and Mesons},
  author = {Greenberg, O. W.},
  journal = {Phys. Rev. Lett.},
  volume = {13},
  issue = {20},
  pages = {598--602},
  numpages = {0},
  year = {1964},
  month = {Nov},
  publisher = {American Physical Society},
  doi = {10.1103/PhysRevLett.13.598},
  url = {https://link.aps.org/doi/10.1103/PhysRevLett.13.598}
}

@article{PhysRevLett.30.1343,
  title = {Ultraviolet Behavior of Non-Abelian Gauge Theories},
  author = {Gross, David J. and Wilczek, Frank},
  journal = {Phys. Rev. Lett.},
  volume = {30},
  issue = {26},
  pages = {1343--1346},
  numpages = {0},
  year = {1973},
  month = {Jun},
  publisher = {American Physical Society},
  doi = {10.1103/PhysRevLett.30.1343},
  url = {https://link.aps.org/doi/10.1103/PhysRevLett.30.1343}
}

@book{Barnes2010,
  title = {Group theory for the standard model of particle physics and beyond},
  author = {Ken J. Barnes},
  year = {2010}
}

@book{Burgess2007,
  title = {The Standard Model: A Primer},
  author = {Cliff Burgess and Guy Moore},
  publisher = {Cambridge University Press},
  year = {2007},
  isbn = {1107404266}
}

@book{Aitchison2012,
  title = {Gauge Theories in Particle Physics: A Practical Introduction: From Relativistic Quantum Mechanics to QED},
  author = {Ian J R Aitchison and Anthony J.G. Hey},
  publisher = {Taylor \& Francis},
  year = {2012},
  edition = {Fourth},
  volume = {2},
  isbn = {9781466513075}
}

@inproceedings{Dawson:1998yi,
      author         = "Dawson, S.",
      title          = "{Introduction to electroweak symmetry breaking}",
      booktitle      = "{Proceedings, Summer School in High-energy physics and cosmology: Trieste, Italy, June 29-July 17, 1998}",
      year           = "1998",
      pages          = "1-83",
      eprint         = "hep-ph/9901280",
      archivePrefix  = "arXiv",
      primaryClass   = "hep-ph",
      reportNumber   = "BNL-HET-99-1",
      SLACcitation   = "%%CITATION = HEP-PH/9901280;%%"
}

@article{Kobayashi:1973fv,
      author         = "Kobayashi, Makoto and Maskawa, Toshihide",
      title          = "{CP Violation in the Renormalizable Theory of Weak Interaction}",
      journal        = "Prog. Theor. Phys.",
      volume         = "49",
      year           = "1973",
      pages          = "652-657",
      doi            = "10.1143/PTP.49.652",
      reportNumber   = "KUNS-242",
      SLACcitation   = "%%CITATION = PTPKA,49,652;%%"
}

@article{Maltoni:2004ei,
      author         = "Maltoni, M. and Schwetz, T. and Tortola, M. A. and Valle, J. W. F.",
      title          = "{Status of global fits to neutrino oscillations}",
      journal        = "New J. Phys.",
      volume         = "6",
      year           = "2004",
      pages          = "122",
      doi            = "10.1088/1367-2630/6/1/122",
      eprint         = "hep-ph/0405172",
      archivePrefix  = "arXiv",
      primaryClass   = "hep-ph",
      reportNumber   = "IFIC-04-19, TUM-HEP-548-04, YITP-SB-04-29",
      SLACcitation   = "%%CITATION = HEP-PH/0405172;%%"
}

@book{Rothe2005,
    author           = "Heinz J Rothe",
    title            = "Lattice gauge theories: An Introduction",
    publisher        = "World Sci. Lect. Notes Phys.",
    volume           = "74",
    year             = "2005",
    pages            = "1–605"
}

@article{ARNISON1983103,
title = "Experimental observation of isolated large transverse energy electrons with associated missing energy at s=540 GeV",
journal = "Physics Letters B",
volume = "122",
number = "1",
pages = "103 - 116",
year = "1983",
note = "",
issn = "0370-2693",
doi = "http://dx.doi.org/10.1016/0370-2693(83)91177-2",
url = "http://www.sciencedirect.com/science/article/pii/0370269383911772",
author = "G. Arnison and others",
}

@article{1983398,
title = "Experimental observation of lepton pairs of invariant mass around 95 GeV/c2 at the CERN SPS collider",
journal = "Physics Letters B",
volume = "126",
number = "5",
pages = "398 - 410",
year = "1983",
note = "",
issn = "0370-2693",
doi = "http://dx.doi.org/10.1016/0370-2693(83)90188-0",
url = "http://www.sciencedirect.com/science/article/pii/0370269383901880",
author = "G. Arnison and others",
}

@misc{Tanedo,
    title = "{Why do we expect a Higgs boson? Part I: Electroweak Symmetry Breaking}",
    author = {Flip Tanedo},
    howpublished = "\url{http://www.quantumdiaries.org/2011/11/21/why-do-we-expect-a-higgs-boson-part-i-electroweak-symmetry-breaking}"
}


@article{20121,
title = "Observation of a new particle in the search for the Standard Model Higgs boson with the ATLAS detector at the LHC",
journal = "Physics Letters B",
volume = "716",
number = "1",
pages = "1 - 29",
year = "2012",
note = "",
issn = "0370-2693",
doi = "http://dx.doi.org/10.1016/j.physletb.2012.08.020",
url = "http://www.sciencedirect.com/science/article/pii/S037026931200857X",
author = "G. Aad and others",
}

@article{201230,
title = "Observation of a new boson at a mass of 125 GeV with the CMS experiment at the LHC",
journal = "Physics Letters B",
volume = "716",
number = "1",
pages = "30 - 61",
year = "2012",
note = "",
issn = "0370-2693",
doi = "http://dx.doi.org/10.1016/j.physletb.2012.08.021",
url = "http://www.sciencedirect.com/science/article/pii/S0370269312008581",
author = "S. Chatrchyan and others",
keywords = "CMS",
keywords = "Physics",
keywords = "Higgs"
}

@techreport{CMS-PAS-HIG-13-005,
      title         = "{Combination of standard model Higgs boson searches and
                       measurements
of the properties of the new boson with a mass
                       near 125 GeV}",
      institution   = "CERN",
      collaboration = "CMS Collaboration",
      address       = "Geneva",
      number        = "CMS-PAS-HIG-13-005",
      year          = "2013",
      reportNumber  = "CMS-PAS-HIG-13-005",
      url           = "https://cds.cern.ch/record/1542387",
}

@techreport{CMS-PAS-HIG-13-027,
      title         = "{Search for the Standard Model Higgs boson in the H to WW
                       to lnujj decay channel in pp collisions at the LHC}",
      institution   = "CERN",
      collaboration = "CMS Collaboration",
      address       = "Geneva",
      number        = "CMS-PAS-HIG-13-027",
      year          = "2012",
      reportNumber  = "CMS-PAS-HIG-13-027",
      url           = "https://cds.cern.ch/record/1743804",
}

@misc{Hgammagamma,
      collaboration        = "CMS",
      title         = "{Image, CMS Higgs Physics Results, Higgs to Gamma Gamma}",
      month         = "July",
      year          = "2017",
      howpublished  = "\url{https://twiki.cern.ch/twiki/pub/CMSPublic/PhysicsResultsHIG/Fig_19.png}",
}

@Article{Khachatryan2015,
author="Khachatryan, V. and others",
title="Precise determination of the mass of the Higgs boson and tests of compatibility of its couplings with the standard model predictions using proton collisions at 7 and 8 TeV",
journal="The European Physical Journal C",
year="2015",
month="May",
day="14",
volume="75",
number="5",
pages="212",
issn="1434-6052",
doi="10.1140/epjc/s10052-015-3351-7",
url="https://doi.org/10.1140/epjc/s10052-015-3351-7"
}
@misc{Drexler,
author = "Eric Drexler",
title = "Elementary particle interactions in the Standard Model",
howpublished = "\url{http://creativecommons.org/publicdomain/zero/1.0/deed.en}{Creative Commons CC0 1.0 Universal Public Domain Dedication}",
month = "May",
year = "2014",
note = "\url{http://en.wikipedia.org/wiki/File:Elementary_particle_interactions_in_the_Standard_Model.png}",
}
@article{Aad:2015zhl,
      author         = "Aad, Georges and others",
      title          = "{Combined Measurement of the Higgs Boson Mass in $pp$
                        Collisions at $\sqrt{s}=7$ and 8 TeV with the ATLAS and
                        CMS Experiments}",
      booktitle      = "{Proceedings, Meeting of the APS Division of Particles
                        and Fields (DPF 2015): Ann Arbor, Michigan, USA, 4-8 Aug
                        2015}",
      collaboration  = "ATLAS, CMS",
      journal        = "Phys. Rev. Lett.",
      volume         = "114",
      year           = "2015",
      pages          = "191803",
      doi            = "10.1103/PhysRevLett.114.191803",
      eprint         = "1503.07589",
      archivePrefix  = "arXiv",
      primaryClass   = "hep-ex",
      reportNumber   = "ATLAS-HIGG-2014-14, CMS-HIG-14-042, CERN-PH-EP-2015-075",
      SLACcitation   = "%%CITATION = ARXIV:1503.07589;%%"
}
@article{VANNIEUWENHUIZEN1981189,
title = "Supergravity",
journal = "Physics Reports",
volume = "68",
number = "4",
pages = "189 - 398",
year = "1981",
note = "",
issn = "0370-1573",
doi = "http://dx.doi.org/10.1016/0370-1573(81)90157-5",
url = "http://www.sciencedirect.com/science/article/pii/0370157381901575",
author = "P. van Nieuwenhuizen",

}
@book{Freedman2012,
    author = "D. Z. Freedman and A. Van Proeyen",
    title = "Supergravity",
    publisher = "Cambridge University Press",   
    year = "2012"
}
@article{Nastase:2011aa,
      author         = "Nastase, Horatiu",
      title          = "{Introduction to Supergravity}",
      year           = "2011",
      eprint         = "1112.3502",
      archivePrefix  = "arXiv",
      primaryClass   = "hep-th",
      SLACcitation   = "%%CITATION = ARXIV:1112.3502;%%"
}
@article{Ade:2015xua,
      author         = "Ade, P. A. R. and others",
      title          = "{Planck 2015 results. XIII. Cosmological parameters}",
      collaboration  = "Planck",
      journal        = "Astron. Astrophys.",
      volume         = "594",
      year           = "2016",
      pages          = "A13",
      doi            = "10.1051/0004-6361/201525830",
      eprint         = "1502.01589",
      archivePrefix  = "arXiv",
      primaryClass   = "astro-ph.CO",
      SLACcitation   = "%%CITATION = ARXIV:1502.01589;%%"
}
@article{Clowe:2006eq,
      author         = "Clowe, Douglas and Bradac, Marusa and Gonzalez, Anthony
                        H. and Markevitch, Maxim and Randall, Scott W. and Jones,
                        Christine and Zaritsky, Dennis",
      title          = "{A direct empirical proof of the existence of dark
                        matter}",
      journal        = "Astrophys. J.",
      volume         = "648",
      year           = "2006",
      pages          = "L109-L113",
      doi            = "10.1086/508162",
      eprint         = "astro-ph/0608407",
      archivePrefix  = "arXiv",
      primaryClass   = "astro-ph",
      reportNumber   = "SLAC-PUB-12078",
      SLACcitation   = "%%CITATION = ASTRO-PH/0608407;%%"
}
@article{Morrissey20121,
title = "Physics searches at the {LHC} ",
journal = "Phys. Rept.",
volume = "515",
pages = "1",
year = "2012",
issn = "0370-1573",
doi = "10.1016/j.physrep.2012.02.007",
url = "http://www.sciencedirect.com/science/article/pii/S037015731200083X",
author = "David E. Morrissey and Tilman Plehn and Tim M.P. Tait",
eprint         = "0912.3259",
archivePrefix  = "arXiv",
primaryClass   = "hep-ph",
}
@article{Garrett:2010hd,
      author         = "Garrett, Katherine and Duda, Gintaras",
      title          = "{Dark Matter: A Primer}",
      journal        = "Adv. Astron.",
      volume         = "2011",
      year           = "2011",
      pages          = "968283",
      doi            = "10.1155/2011/968283",
      eprint         = "1006.2483",
      archivePrefix  = "arXiv",
      primaryClass   = "hep-ph",
      SLACcitation   = "%%CITATION = ARXIV:1006.2483;%%"
}
@article{Bertone:2004pz,
      author         = "Bertone, Gianfranco and Hooper, Dan and Silk, Joseph",
      title          = "{Particle dark matter: Evidence, candidates and
                        constraints}",
      journal        = "Phys. Rept.",
      volume         = "405",
      year           = "2005",
      pages          = "279-390",
      doi            = "10.1016/j.physrep.2004.08.031",
      eprint         = "hep-ph/0404175",
      archivePrefix  = "arXiv",
      primaryClass   = "hep-ph",
      reportNumber   = "FERMILAB-PUB-04-047-A",
      SLACcitation   = "%%CITATION = HEP-PH/0404175;%%"
}
@article{PDG,
    title = "The Review of Particle Physics",
  author = "K. A. Olive and others",
  journal = "Chin. Phys. C",
  volume = "38",
  pages = "090001",
  year = "2014",
  url = "http://pdg.lbl.gov",
}
    
@article{0038-5670-34-5-A08,
  author={Andrei D Sakharov},
  title={Violation of CP invariance, C asymmetry, and baryon asymmetry of the universe},
  journal={Soviet Physics Uspekhi},
  volume={34},
  number={5},
  pages={392},
  url={http://stacks.iop.org/0038-5670/34/i=5/a=A08},
  year={1991},
  abstract={}
}
@article{KUZMIN198536,
title = "On anomalous electroweak baryon-number non-conservation in the early universe",
journal = "Physics Letters B",
volume = "155",
number = "1",
pages = "36 - 42",
year = "1985",
note = "",
issn = "0370-2693",
doi = "http://dx.doi.org/10.1016/0370-2693(85)91028-7",
url = "http://www.sciencedirect.com/science/article/pii/0370269385910287",
author = "V.A. Kuzmin and V.A. Rubakov and M.E. Shaposhnikov",
}
@article{Abe:2008aa,
      author         = "Abe, S. and others",
      title          = "{Precision Measurement of Neutrino Oscillation Parameters
                        with KamLAND}",
      collaboration  = "KamLAND",
      journal        = "Phys. Rev. Lett.",
      volume         = "100",
      year           = "2008",
      pages          = "221803",
      doi            = "10.1103/PhysRevLett.100.221803",
      eprint         = "0801.4589",
      archivePrefix  = "arXiv",
      primaryClass   = "hep-ex",
      SLACcitation   = "%%CITATION = ARXIV:0801.4589;%%"
}
@article{Abe:2014ugx,
      author         = "Abe, K. and others",
      title          = "{Precise Measurement of the Neutrino Mixing Parameter
                        $\theta_{23}$ from Muon Neutrino Disappearance in an
                        Off-Axis Beam}",
      collaboration  = "T2K",
      journal        = "Phys. Rev. Lett.",
      volume         = "112",
      year           = "2014",
      number         = "18",
      pages          = "181801",
      doi            = "10.1103/PhysRevLett.112.181801",
      eprint         = "1403.1532",
      archivePrefix  = "arXiv",
      primaryClass   = "hep-ex",
      SLACcitation   = "%%CITATION = ARXIV:1403.1532;%%"
}
@article{Agafonova:2014ptn,
      author         = "Agafonova, N. and others",
      title          = "{Observation of tau neutrino appearance in the CNGS beam
                        with the OPERA experiment}",
      collaboration  = "OPERA",
      journal        = "PTEP",
      volume         = "2014",
      year           = "2014",
      number         = "10",
      pages          = "101C01",
      doi            = "10.1093/ptep/ptu132",
      eprint         = "1407.3513",
      archivePrefix  = "arXiv",
      primaryClass   = "hep-ex",
      SLACcitation   = "%%CITATION = ARXIV:1407.3513;%%"
}
@article{PhysRevLett.81.1158,
  title = {Measurements of the Solar Neutrino Flux from Super-Kamiokande's First 300 Days},
  author = {Fukuda, Y. and others},
  journal = {Phys. Rev. Lett.},
  volume = {81},
  issue = {6},
  pages = {1158--1162},
  numpages = {0},
  year = {1998},
  month = {Aug},
  publisher = {American Physical Society},
  doi = {10.1103/PhysRevLett.81.1158},
  url = {https://link.aps.org/doi/10.1103/PhysRevLett.81.1158}
}
@article{DECAMP1990399,
title = "A precise determination of the number of families with light neutrinos and of the Z boson partial widths",
journal = "Physics Letters B",
volume = "235",
number = "3",
pages = "399 - 411",
year = "1990",
note = "",
issn = "0370-2693",
doi = "http://dx.doi.org/10.1016/0370-2693(90)91984-J",
url = "http://www.sciencedirect.com/science/article/pii/037026939091984J",
author = "D. Decamp and others",
}
@article{SUSSKIND1984181,
title = "The gauge hierarchy problem, technicolor, supersymmetry, and all that",
journal = "Physics Reports",
volume = "104",
number = "2",
pages = "181 - 193",
year = "1984",
note = "",
issn = "0370-1573",
doi = "http://dx.doi.org/10.1016/0370-1573(84)90208-4",
url = "http://www.sciencedirect.com/science/article/pii/0370157384902084",
author = "Leonard Susskind",
}
@inproceedings{Cheng:2007bu,
      author         = "Cheng, Hsin-Chia",
      title          = "{Little Higgs, Non-standard Higgs, No Higgs and All
                        That}",
      booktitle      = "{SUSY 2007 Proceedings, 15th International Conference on
                        Supersymmetry and Unification of Fundamental Interactions,
                        July 26 - August 1, 2007, Karlsruhe, Germany}",
      url            = "http://www.susy07.uni-karlsruhe.de/Proceedings/proceedings/susy07.pdf",
      year           = "2007",
      pages          = "114-121",
      eprint         = "0710.3407",
      archivePrefix  = "arXiv",
      primaryClass   = "hep-ph",
      SLACcitation   = "%%CITATION = ARXIV:0710.3407;%%"
}
@article{Reuter:2012sd,
      author         = "Reuter, J. and Tonini, M.",
      title          = "{Can the 125 GeV Higgs be the Little Higgs?}",
      journal        = "JHEP",
      volume         = "02",
      year           = "2013",
      pages          = "077",
      doi            = "10.1007/JHEP02(2013)077",
      eprint         = "1212.5930",
      archivePrefix  = "arXiv",
      primaryClass   = "hep-ph",
      reportNumber   = "DESY-12-177",
      SLACcitation   = "%%CITATION = ARXIV:1212.5930;%%"
}
@article{Schmaltz:2005ky,
      author         = "Schmaltz, Martin and Tucker-Smith, David",
      title          = "{Little Higgs review}",
      journal        = "Ann. Rev. Nucl. Part. Sci.",
      volume         = "55",
      year           = "2005",
      pages          = "229-270",
      doi            = "10.1146/annurev.nucl.55.090704.151502",
      eprint         = "hep-ph/0502182",
      archivePrefix  = "arXiv",
      primaryClass   = "hep-ph",
      SLACcitation   = "%%CITATION = HEP-PH/0502182;%%"
}
@article{ArkaniHamed:1998rs,
      author         = "Arkani-Hamed, Nima and Dimopoulos, Savas and Dvali, G.
                        R.",
      title          = "{The Hierarchy problem and new dimensions at a
                        millimeter}",
      journal        = "Phys. Lett.",
      volume         = "B429",
      year           = "1998",
      pages          = "263-272",
      doi            = "10.1016/S0370-2693(98)00466-3",
      eprint         = "hep-ph/9803315",
      archivePrefix  = "arXiv",
      primaryClass   = "hep-ph",
      reportNumber   = "SLAC-PUB-7769, SU-ITP-98-13",
      SLACcitation   = "%%CITATION = HEP-PH/9803315;%%"
}
@article{doi:10.1143/PTP.36.1266,
author = {Miyazawa, Hironari},
title = {Baryon Number Changing Currents*},
journal = {Progress of Theoretical Physics},
volume = {36},
number = {6},
pages = {1266-1276},
year = {1966},
doi = {10.1143/PTP.36.1266},
URL = { + http://dx.doi.org/10.1143/PTP.36.1266},
eprint = {/oup/backfile/content_public/journal/ptp/36/6/10.1143/ptp.36.1266/2/36-6-1266.pdf}
}
@article{PhysRev.170.1586,
  title = {Spinor Currents and Symmetries of Baryons and Mesons},
  author = {Miyazawa, Hironari},
  journal = {Phys. Rev.},
  volume = {170},
  issue = {5},
  pages = {1586--1590},
  numpages = {0},
  year = {1968},
  month = {Jun},
  publisher = {American Physical Society},
  doi = {10.1103/PhysRev.170.1586},
  url = {https://link.aps.org/doi/10.1103/PhysRev.170.1586}
}
@article{WESS197439,
title = "Supergauge transformations in four dimensions",
journal = "Nuclear Physics B",
volume = "70",
number = "1",
pages = "39 - 50",
year = "1974",
note = "",
issn = "0550-3213",
doi = "http://dx.doi.org/10.1016/0550-3213(74)90355-1",
url = "http://www.sciencedirect.com/science/article/pii/0550321374903551",
author = "J. Wess and B. Zumino",
}
@article{Golfand:1971iw,
      author         = "Golfand, {\relax Yu}. A. and Likhtman, E. P.",
      title          = "{Extension of the Algebra of Poincare Group Generators
                        and Violation of p Invariance}",
      journal        = "JETP Lett.",
      volume         = "13",
      year           = "1971",
      pages          = "323-326",
      note           = "[Pisma Zh. Eksp. Teor. Fiz.13,452(1971)]",
      SLACcitation   = "%%CITATION = JTPLA,13,323;%%"
}
@article{PhysRevLett.49.970,
  title = {Locally Supersymmetric Grand Unification},
  author = {Chamseddine, A. H. and Arnowitt, R. and Nath, Pran},
  journal = {Phys. Rev. Lett.},
  volume = {49},
  issue = {14},
  pages = {970--974},
  numpages = {0},
  year = {1982},
  month = {Oct},
  publisher = {American Physical Society},
  doi = {10.1103/PhysRevLett.49.970},
  url = {https://link.aps.org/doi/10.1103/PhysRevLett.49.970}
}
@article{PhysRevD.49.6173,
  title = {Study of constrained minimal supersymmetry},
  author = {Kane, G. L. and Kolda, Chris and Roszkowski, Leszek and Wells, James D.},
  journal = {Phys. Rev. D},
  volume = {49},
  issue = {11},
  pages = {6173--6210},
  numpages = {0},
  year = {1994},
  month = {Jun},
  publisher = {American Physical Society},
  doi = {10.1103/PhysRevD.49.6173},
  url = {https://link.aps.org/doi/10.1103/PhysRevD.49.6173}
}
@article{FAYET1975104,
title = "Supergauge invariant extension of the Higgs mechanism and a model for the electron and its neutrino",
journal = "Nuclear Physics B",
volume = "90",
number = "",
pages = "104 - 124",
year = "1975",
note = "",
issn = "0550-3213",
doi = "http://dx.doi.org/10.1016/0550-3213(75)90636-7",
url = "http://www.sciencedirect.com/science/article/pii/0550321375906367",
author = "Pierre Fayet",
}
@article{BARBIERI1982343,
title = "Gauge models with spontaneously broken local supersymmetry",
journal = "Physics Letters B",
volume = "119",
number = "4",
pages = "343 - 347",
year = "1982",
note = "",
issn = "0370-2693",
doi = "http://dx.doi.org/10.1016/0370-2693(82)90685-2",
url = "http://www.sciencedirect.com/science/article/pii/0370269382906852",
author = "R. Barbieri and S. Ferrara and C.A. Savoy",
}
@article{PhysRevD.27.2359,
  title = {Supergravity as the messenger of supersymmetry breaking},
  author = {Hall, Lawrence and Lykken, Joe and Weinberg, Steven},
  journal = {Phys. Rev. D},
  volume = {27},
  issue = {10},
  pages = {2359--2378},
  numpages = {0},
  year = {1983},
  month = {May},
  publisher = {American Physical Society},
  doi = {10.1103/PhysRevD.27.2359},
  url = {https://link.aps.org/doi/10.1103/PhysRevD.27.2359}
}
@article{Martin:1997ns,
      author         = "Martin, Stephen P.",
      title          = "{A Supersymmetry primer}",
      year           = "1997",
      doi            = "10.1142/9789812839657_0001, 10.1142/9789814307505_0001",
      note           = "[Adv. Ser. Direct. High Energy Phys.18,1(1998)]",
      eprint         = "hep-ph/9709356",
      archivePrefix  = "arXiv",
      primaryClass   = "hep-ph",
      reportNumber   = "FERMILAB-PUB-97-425-T",
      SLACcitation   = "%%CITATION = HEP-PH/9709356;%%"
}
























@Comment{Basic LHC Info}
@article{LHCmachine,
      author         = "Evans, Lyndon and Bryant, Philip",
      editor         = "Evans, Lyndon",
      title          = "{LHC Machine}",
      journal        = "JINST",
      volume         = "3",
      pages          = "S08001",
      doi            = "10.1088/1748-0221/3/08/S08001",
      year           = "2008",
      SLACcitation   = "%%CITATION = JINST,3,S08001;%%",
}
@book{Breskin:1244506,
      author        = "Breskin, Amos and Voss, Rüdiger",
      title         = "{The CERN Large Hadron Collider: Accelerator and
                       Experiments}",
      publisher     = "CERN",
      address       = "Geneva",
      year          = "2009",
      url           = "http://cds.cern.ch/record/1244506",
}
@article{Chatrchyan:2008aa,
      author         = "Chatrchyan, S. and others",
      title          = "{The CMS experiment at the CERN LHC}",
      collaboration  = "CMS",
      journal        = "JINST",
      volume         = "3",
      year           = "2008",
      pages          = "S08004",
      doi            = "10.1088/1748-0221/3/08/S08004",
      SLACcitation   = "%%CITATION = JINST,3,S08004;%%"
}
@article{1748-0221-3-08-S08003,
  author={G Aad and others},
  title="{The ATLAS Experiment at the CERN Large Hadron Collider}",
  journal={Journal of Instrumentation},
  volume={3},
  number={08},
  pages={S08003},
  url={http://stacks.iop.org/1748-0221/3/i=08/a=S08003},
  year={2008},
  abstract={The ATLAS detector as installed in its experimental cavern at point 1 at CERN is described in this paper. A brief overview of the expected performance of the detector when the Large Hadron Collider begins operation is also presented.}
}
@article{Alves:2008zz,
      author         = "Alves, Jr., A. Augusto and others",
      title          = "{The LHCb Detector at the LHC}",
      collaboration  = "LHCb",
      journal        = "JINST",
      volume         = "3",
      year           = "2008",
      pages          = "S08005",
      doi            = "10.1088/1748-0221/3/08/S08005",
      SLACcitation   = "%%CITATION = JINST,3,S08005;%%"
}
@article{Aamodt:2008zz,
      author         = "Aamodt, K. and others",
      title          = "{The ALICE experiment at the CERN LHC}",
      collaboration  = "ALICE",
      journal        = "JINST",
      volume         = "3",
      year           = "2008",
      pages          = "S08002",
      doi            = "10.1088/1748-0221/3/08/S08002",
      SLACcitation   = "%%CITATION = JINST,3,S08002;%%"
}   
@article{1742-6596-455-1-012001,
      author   = {Mike Lamont},
      title    = {Status of the LHC},
      journal  = {Journal of Physics: Conference Series},
      volume   = {455},
      number   = {1},
      pages    = {012001},
      url      = {http://stacks.iop.org/1742-6596/455/i=1/a=012001},
      year     = {2013},
      abstract = {A brief overview of LHC operations over the last 3 years is provided. Luminosity performance has been satisfactory and the factors that have been exploited are outlined. Availability and operational efficiency are discussed. Finally a brief overview of the planned long shutdown is given and estimates of the potential post shutdown performance briefly enumerated.}
}
@misc{LumiPublic,
      collaboration        = "CMS",
      title         = "{Public CMS Luminosity Information}",
      month         = "Jan",
      year          = "2017",
      howpublished  = "\url{https://twiki.cern.ch/twiki/bin/view/CMSPublic/LumiPublicResults}",
}
@misc{DataQuality,
      collaboration        = "CMS",
      title         = "{Public CMS Data Quality Information }",
      month         = "Jun",
      year          = "2013",
      howpublished  = "\url{https://twiki.cern.ch/twiki/bin/view/CMSPublic/DataQuality}",
}
@misc{CMSWebBasedMonitoring,
      collaboration = "CMS",
      title         = "{CMS Web Based Monitoring}",
      month         = "Jan",
      year          = "2017",
      howpublished  = "\url{https://cmswbm.web.cern.ch/cmswbm/}",
}
@article{Brun199781,
      title   = "{ROOT} -- An object oriented data analysis framework",
      journal = "Nucl. Instrum. Meth. A",
      volume  = "389",
      pages   = "81",
      year    = "1997",
      note    = "See also \url{http://root.cern.ch}",
      issn    = "0168-9002",
      doi     = "10.1016/S0168-9002(97)00048-X",
      url     = "http://www.sciencedirect.com/science/article/pii/S016890029700048X",
      author  = "Rene Brun and Fons Rademakers"
}
@Comment{CMS Description}
@Comment{






























}
@Article{Salam:2009jx,
     author    = "Salam, Gavin P.",
     title     = "{Towards jetography}",
     journal   = "Eur. Phys. J. C",
     volume    = "67",
     year      = "2010",
     pages     = "637",
      doi       = "10.1140/epjc/s10052-010-1314-6",
     SLACcitation  = "%%CITATION = 0906.1833;%%",
    eprint         = "0906.1833",
    archivePrefix  = "arXiv",
    primaryClass   = "hep-ph"  
}
@Article{JINST2011,
    author    = "{The CMS Collaboration}",
    title     = "Determination of jet energy calibration and transverse momentum resolution in CMS",
    journal   = "Journal of Instrumentation",
    year      = "2011",
    archivePrefix= "arXiv",
    primaryClass = "physics.ins-det",
    eprint       = "1107.4277v1",
    note      = "http://iopscience.iop.org/1748-0221/6/11/P11002/",
}
@Article{Cacciari2007,
    author    = "Matteo Cacciari and Gavin P. Salam",
    title     = "Pileup subtraction using jet areas",
    journal   = "Physics Letters B",
    year      = "2008",
    archivePrefix= "arXiv",
    primaryClass = "hep-ph",
    eprint       = "0707.1378v2",
    url      = "http://arxiv.org/abs/0707.1378v2"
}
@Article{Cacciari:2008gp,
     AUTHOR    = "Cacciari, Matteo and Salam, Gavin P. and Soyez, Gregory",
     TITLE     = "{The anti-$k_t$ jet clustering algorithm}",
     JOURNAL   = "JHEP",
     VOLUME    = "04",
     YEAR      = "2008",
     PAGES     = "063",
     doi       = "10.1088/1126-6708/2008/04/063",
     eprint         = "0802.1189",
     archivePrefix  = "arXiv",
     primaryClass   = "hep-ex",
}
@article{Cacciari:2011ma,
      author         = "Cacciari, Matteo and Salam, Gavin P. and Soyez, Gregory",
      title          = "{FastJet user manual}",
      journal        = "Eur. Phys. J. C",
      volume         = "72",
      pages          = "1896",
      doi            = "10.1140/epjc/s10052-012-1896-2",
      year           = "2012",
      eprint         = "1111.6097",
      archivePrefix  = "arXiv",
      primaryClass   = "hep-ph",
      reportNumber   = "CERN-PH-TH-2011-297",
      SLACcitation   = "%%CITATION = ARXIV:1111.6097;%%",
}
@article{Cacciari2008,
    author    = "Matteo Cacciari and Gavin P. Salam and Gregory Soyez",
    title     = "The Catchment Area of Jets",
    journal   = "Journal of High Energy Physics",
    year      = "2008",
    url       = "http://arxiv.org/abs/0802.1188v2",
}
@online{Dorney2014,
    author    = "Brian Dorney",
    title     = "{Anatomy of a Jet in CMS}",
    year      = "2014",
    urlyear   = "2017",
    url       = "http://www.quantumdiaries.org/2011/06/01/anatomy-of-a-jet-in-cms/"

}
@TECHREPORT{CMS-PAS-PFT-10-001,
      AUTHOR      = "{CMS Collaboration}",
      COLLABORATION = "CMS",
      TITLE       = "{Commissioning of the particle-flow event reconstruction with the first {LHC} 
                          collisions recorded in the {CMS} detector}",
      URL         = "http://cdsweb.cern.ch/record/1247373",
      TYPE        = "CMS Physics Analysis Summary",
      NUMBER      = "CMS-PAS-PFT-10-001",
      YEAR        = "2010"
}
@article{Chatrchyan:2011ds,
      author         = "Chatrchyan, Serguei and others",
      title          = "{Determination of jet energy calibration and transverse
                        momentum resolution in CMS}",
      collaboration  = "CMS Collaboration",
      journal        = "JINST",
      volume         = "6",
      pages          = "P11002",
      doi            = "10.1088/1748-0221/6/11/P11002",
      year           = "2011",
      eprint         = "1107.4277",
      archivePrefix  = "arXiv",
      primaryClass   = "physics.ins-det",
      reportNumber   = "CERN-PH-EP-2011-102, CMS-JME-10-011",
      SLACcitation   = "%%CITATION = ARXIV:1107.4277;%%",
}
@article{Khachatryan:2015hwa,
      author         = "Khachatryan, Vardan and others",
      title          = "{Performance of electron reconstruction and selection
                        with the CMS detector in proton-proton collisions at
                        $\sqrt{s}=8\unit{TeV}$}",
      collaboration  = "CMS",
      journal        = "JINST",
      volume         = "10",
      pages          = "P06005",
      doi            = "10.1088/1748-0221/10/06/P06005",
      year           = "2015",
      eprint         = "1502.02701",
      archivePrefix  = "arXiv",
      primaryClass   = "physics.ins-det",
      reportNumber   = "CMS-EGM-13-001, CERN-PH-EP-2015-004",
      SLACcitation   = "%%CITATION = ARXIV:1502.02701;%%",
}
@article{Chatrchyan:2012xi,
      author         = "Chatrchyan, Serguei and others",
      title          = "{Performance of CMS muon reconstruction in $pp$ collision
                        events at $\sqrt{s}=7\unit{TeV}$}",
      collaboration  = "CMS Collaboration",
      journal        = "JINST",
      volume         = "7",
      pages          = "P10002",
      doi            = "10.1088/1748-0221/7/10/P10002",
      year           = "2012",
      eprint         = "1206.4071",
      archivePrefix  = "arXiv",
      primaryClass   = "physics.ins-det",
      reportNumber   = "CMS-MUO-10-004, CERN-PH-EP-2012-173",
      SLACcitation   = "%%CITATION = ARXIV:1206.4071;%%",
}
@article{TRK-11-001,
      author         = "Chatrchyan, Serguei and others",
      title          = "{Description and performance of track and
                        primary-vertex reconstruction with the CMS
                        tracker}",
      collaboration  = "CMS",
      journal           = "JINST",
      volume          = "9",
      pages           = "P10009",
      doi            = "10.1088/1748-0221/9/10/P10009",
      year           = "2014",
      eprint         = "1405.6569",
      archivePrefix  = "arXiv",
      primaryClass   = "physics.ins-det",
      reportNumber   = "CMS-TRK-11-001, CERN-PH-EP-2014-070",
      SLACcitation   = "%%CITATION = ARXIV:1405.6569;%%",
      url            = {http://stacks.iop.org/1748-0221/9/i=10/a=P10009},
}
@unpublished{Khachatryan:2016bia,
      author         = "Khachatryan, Vardan and others",
      title          = "{The CMS trigger system}",
      collaboration  = "CMS",
      year           = "2016",
      eprint         = "1609.02366",
      archivePrefix  = "arXiv",
      primaryClass   = "physics.ins-det",
      reportNumber   = "CMS-TRG-12-001, CERN-EP-2016-160",
      SLACcitation   = "%%CITATION = ARXIV:1609.02366;%%"
      note          = "Submitted to {\it JINST}"
}
@article{CMS:EGM-14-001,
      author         = "Khachatryan, Vardan and others",
      title          = "{Performance of photon reconstruction and identification 
                         with the CMS detector in proton-proton collisions at 
                         $\sqrt{s}=8\unit{TeV}$}",
      collaboration  = "CMS",
      journal        = "JINST",
      volume         = "10",
      pages          = "P08010",
      doi            = "10.1088/1748-0221/10/08/P08010",
      year           = "2015",
      eprint         = "1502.02702",
      archivePrefix  = "arXiv",
      primaryClass   = "physics.ins-det",
      reportNumber   = "CMS-EGM-14-001, CERN-PH-EP-2015-006",
      SLACcitation   = "%%CITATION = ARXIV:1502.02702;%%",
}
@article{Veszpremi:2014hpa,
      author         = "Veszpremi, V.",
      title          = "{Operation and performance of the CMS tracker}",
      collaboration  = "CMS",
      journal        = "JINST",
      volume         = "9",
      pages          = "C03005",
      doi            = "10.1088/1748-0221/9/03/C03005",
      year           = "2014",
      eprint         = "1402.0675",
      archivePrefix  = "arXiv",
      primaryClass   = "physics.ins-det",
      SLACcitation   = "%%CITATION = ARXIV:1402.0675;%%",
}
@techreport{CMS:2013ecal,
      title          = "{2012 ECAL detector performance plots}",
      collaboration  = "CMS",
    institution    = "CERN",
      year           = "2013",
    type           = "CMS Detector Performance Summary",
      number   = "CMS-DP-2013-007",
    url = "https://cds.cern.ch/record/1528235",
}
@article{Brooke:2013hnf,
      author         = "Brooke, J.",
      title          = "{Performance of the CMS Level-1 Trigger}",
      collaboration  = "CMS",
      journal        = "PoS",
      volume         = "ICHEP2012",
      pages          = "508",
      year           = "2013",
      eprint         = "1302.2469",
      archivePrefix  = "arXiv",
      primaryClass   = "hep-ex",
      reportNumber   = "CERN-CMS-CR-2012-322",
      SLACcitation   = "%%CITATION = ARXIV:1302.2469;%%",
}
@article{Trocino:2014jya,
      author         = "Trocino, Daniele",
      title          = "{The CMS High Level Trigger}",
      journal        = "J. Phys. Conf.",
      volume         = "513",
      pages          = "012036",
      doi            = "10.1088/1742-6596/513/1/012036",
      year           = "2014",
      SLACcitation   = "%%CITATION = 00462,513,012036;%%",
}






































@Comment{Luminosity Measurment}
@techreport{CMS-PAS-LUM-12-001,
      title         = "{CMS Luminosity Based on Pixel Cluster Counting - Summer
                       2012 Update}",
      institution   = "CERN",
      collaboration = "CMS",
      address       = "Geneva",
      type           = "CMS Physics Analysis Summary",
      number        = "CMS-PAS-LUM-12-001",
      year          = "2012",
      url           = "https://cds.cern.ch/record/1482193",
}
@techreport{CMS-PAS-LUM-13-001,
      title         = "{CMS Luminosity Based on Pixel Cluster Counting - Summer
                       2013 Update}",
      institution   = "CERN",
      collaboration = "CMS",
      address       = "Geneva",
      type           = "CMS Physics Analysis Summary",
      number        = "CMS-PAS-LUM-13-001",
      year          = "2013",
      url           = "https://cds.cern.ch/record/1598864",
}
@article{Balagura:2011yw,
      author         = "Balagura, Vladislav",
      title          = "{Notes on van der Meer Scan for Absolute Luminosity
                        Measurement}",
      journal        = "Nucl. Instrum. Meth. A",
      volume         = "654",
      pages          = "634",
      doi            = "10.1016/j.nima.2011.06.007",
      year           = "2011",
      eprint         = "1103.1129",
      archivePrefix  = "arXiv",
      primaryClass   = "physics.ins-det",
      SLACcitation   = "%%CITATION = ARXIV:1103.1129;%%",
}
@phdthesis{Pedro2014,
      author = {Pedro, Kevin},
      pages = {163},
      school = {University of Maryland},
      title = {{Search for Pair Production of Third-Generation Scalar Leptoquarks and R-Parity Violating Top Squarks in Proton-Proton Collisions at $\sqrt{s}=8\unit{TeV}$}},
      url = {http://cds.cern.ch/record/1968611},
      year = {2014}
}





























@Comment{For Event Reconstruction}
@techreport{TDR-software,
AUTHOR      = "{CMS Collaboration}",
      title         = "{CMS Physics: Technical Design Report Volume 1: Detector
                       Performance and Software}",
      publisher     = "CERN",
      institution   = "CERN",
      collaboration = "CMS",
      address       = "Geneva",
      series        = "Technical Design Report",
      number        = "CMS-TDR-8-1",
      year          = "2006",
      url           = "https://cds.cern.ch/record/922757",
}
@article{Tracking2012,
  author={D Giordano and G Sguazzoni},
  title={CMS reconstruction improvements for the tracking in large pile-up events},
  journal={J. Phys. Conf.},
  volume={396},
  number={2},
  pages={022044},
  url={http://stacks.iop.org/1742-6596/396/i=2/a=022044},
  year={2012},
  doi={10.1088/1742-6596/396/2/022044},
}
@TECHREPORT{CMS-PAS-PFT-09-001,
      AUTHOR        = "{CMS Collaboration}",
      COLLABORATION = {CMS},
      institution   = "CERN",
      TITLE         = "Particle-Flow Event Reconstruction in CMS and Performance for Jets, Taus, and MET",
      TYPE          = "CMS Physics Analysis Summary",
      NUMBER        = "CMS-PAS-PFT-09-001",
      URL           = "http://cds.cern.ch/record/1194487",
      YEAR          = "2009"
}
@TECHREPORT{CMS-PAS-PFT-10-002,
      AUTHOR      = "{CMS Collaboration}",
      COLLABORATION = {CMS},
    institution   = "CERN",
      TITLE       = "Commissioning of the Particle-Flow Reconstruction in Minimum-Bias and Jet Events from {$\Pp\Pp$} Collisions at 7 {TeV}",
      URL         = "http://cdsweb.cern.ch/record/1279341",
      TYPE     = "CMS Physics Analysis Summary",
      NUMBER      =  "CMS-PAS-PFT-10-002",
      YEAR        = "2010"
}
@TECHREPORT{CMS-PAS-PFT-10-003,
      AUTHOR      = "{CMS Collaboration}",
      COLLABORATION = "CMS",
    institution   = "CERN",
      TITLE       = "Commissioning of the particle-flow event reconstruction with leptons from {J}/$\Psi$ and {W} decays at 7 {TeV}",
      URL         = "http://cdsweb.cern.ch/record/1279347",
      TYPE        = "CMS Physics Analysis Summary",
      NUMBER      = "CMS-PAS-PFT-10-003",
      YEAR        = "2010"
}
@inproceedings{Beaudette:2014cea,
      author         = "Beaudette, Florian",
      title          = "{The CMS Particle Flow Algorithm}",
      booktitle      = "{Proceedings, International Conference on Calorimetry for the High Energy Frontier (CHEF 2013)}",
      PUBLISHER      = "{\'{E}}cole Polytechnique",
      address        = "Paris",
      pages          = "295",
      year           = "2013",
      eprint         = "1401.8155",
      archivePrefix  = "arXiv",
      primaryClass   = "hep-ex",
      SLACcitation   = "%%CITATION = ARXIV:1401.8155;%%",
}
@article{CMS-PRF-14-001,
      author         = "Sirunyan, Albert M and others",
      title          = "{Particle-flow reconstruction and global event
                        description with the CMS detector}",
      collaboration  = "CMS",
      year           = "2017",
      eprint         = "1706.04965",
      archivePrefix  = "arXiv",
      primaryClass   = "physics.ins-det",
      reportNumber   = "CMS-PRF-14-001, CERN-EP-2017-110",
      SLACcitation   = "%%CITATION = ARXIV:1706.04965;%%"
}
@inproceedings{Rose1998,
      author         = "Rose, K.",
      title          = "{Deterministic annealing for clustering, compression, classification, regression, and related optimization problems}",
      booktitle      = "{Proceedings of the IEEE}",
      PUBLISHER      = "{IEEE}",
      volume         = {86},
      number         = {11},
      pages          = "2210",
      year           = "1998",
      doi            = {10.1109/5.726788},
}
@techreport{CMS-PAS-TRK-10-005,
      title         = "{Tracking and Primary Vertex Results in First 7 TeV Collisions}",
      institution   = "CERN",
      collaboration = "CMS",
      address       = "Geneva",
      number        = "CMS-PAS-TRK-10-005",
      year          = "2010",
    url           = "http://cds.cern.ch/record/1279383/",
    TYPE     = "CMS Physics Analysis Summary",
}
@article{ElectronGSF,
  author={W Adam and R Fr{\"u}hwirth and A Strandlie and T Todorov},
  title={Reconstruction of electrons with the Gaussian-sum filter in the CMS tracker at the LHC},
  journal={J. Phys. G},
  volume={31},
  pages={N9},
  url={http://stacks.iop.org/0954-3899/31/i=9/a=N01},
  year={2005},
  doi={10.1088/0954-3899/31/9/N01},
}
@techreport{CMS-PAS-EGM-10-004,
      author        = "CMS Collaboration",
      title         = "{Electron reconstruction and identification at sqrt(s) = 7 TeV}",
      institution   = "CERN",
      collaboration = "CMS",
      address       = "Geneva",
      TYPE     = "CMS Physics Analysis Summary",
      number        = "CMS-PAS-EGM-10-004",
      year          = "2010",
      URL         = "http://cdsweb.cern.ch/record/1299116",
}
@article{ElectronReco,
year={2007},
issn={1434-6044},
journal={Eur. Phys. J. C},
volume={49},
number={4},
doi={10.1140/epjc/s10052-006-0175-5},
title={Electron reconstruction in CMS},
url={http://dx.doi.org/10.1140/epjc/s10052-006-0175-5},
publisher={Springer-Verlag},
author={Baffioni, S. and Charlot, C. and Ferri, F. and Futyan, D. and Meridiani, P. and Puljak, I. and Rovelli, C. and Salerno, R. and Sirois, Y.},
pages={1099},
language={English}
}
@article{ElectronGSF,
  author={W Adam and R Fr{\"u}hwirth and A Strandlie and T Todorov},
  title={Reconstruction of electrons with the Gaussian-sum filter in the CMS tracker at the LHC},
  journal={J. Phys. G},
  volume={31},
  pages={N9},
  url={http://stacks.iop.org/0954-3899/31/i=9/a=N01},
  year={2005},
  doi={10.1088/0954-3899/31/9/N01},
}
@misc{ElectronCutBased,
      collaboration        = "CMS",
      title         = "{Cut Based Electron ID}",
      year          = "2013",
      howpublished  = "\url{https://twiki.cern.ch/twiki/bin/viewauth/CMS/EgammaCutBasedIdentification}",
}
@misc{ElectronMVABased,
      collaboration = "CMS",
      title         = "{Multivariate Electron Identification}",
      year          = "2012",
      howpublished  = "\url{https://twiki.cern.ch/twiki/bin/view/CMS/MultivariateElectronIdentification}",
}
@misc{ElectronConversionVeto,
      collaboration = "CMS",
      title         = "{Tools for conversion rejection (electron ID) and electron vetoing (photon ID)}",
      year          = "2012",
      howpublished  = "\url{https://twiki.cern.ch/twiki/bin/view/CMS/ConversionTools}",
}
@misc{EgammaShowerShape,
      collaboration        = "CMS",
      title         = "{SW Guide Egamma Shower Shape}",
      year          = "2011",
      howpublished  = "\url{https://twiki.cern.ch/twiki/bin/view/CMSPublic/SWGuideEgammaShowerShape}",
}
@techreport{CMS-PAS-MUO-10-002,
      author        = "CMS Collaboration",
      title         = "{Performance of muon identification in pp collisions at $\sqrt{s}$ = 7 TeV}",
      institution   = "CERN",
      collaboration = "CMS",
      address       = "Geneva",
      TYPE     = "CMS Physics Analysis Summary",
      number        = "CMS-PAS-MUO-10-002",
      year          = "2010",
      URL         = "https://cds.cern.ch/record/1279140/",
}
@Article{CMS-JEC,
   author       = "{CMS Collaboration}",
   collaboration = "CMS",
   title        = "Determination of jet energy calibration and transverse momentum resolution in CMS",
   journal      = "JINST",
   volume       = "6",
   year         = "2011",
   pages        = "11002",
   doi           = "10.1088/1748-0221/6/11/P11002",
    eprint         = "1107.4277",
    archivePrefix  = "arXiv",
    primaryClass   = "physics.ins-det"
}
@article{Khachatryan:2198719,
      author        = "Khachatryan, Vardan and others",
      title         = "{Jet energy scale and resolution in the CMS experiment in pp collisions at 8 TeV}",
      journal       = "JINST",
      collaboration = "CMS Collaboration",
      number        = "CMS-JME-13-004. CERN-PH-EP-2015-305. CMS-JME-13-004",
      volume        = "12",
      pages         = "P02014. 92 p",
      month         = "Jul",
      year          = "2016",
      reportNumber  = "CMS-JME-13-004",
      url           = "https://cds.cern.ch/record/2198719",
      note          = "Replaced with the published version. Added the journal reference and DOI. All the figures and tables can be found at http://cms-results.web.cern.ch/cms-results/public-results/publications/JME-13-004/",
}
@misc{JETGlobalTag,
      collaboration = "CMS",
      title         = "Recommended Jet Energy Corrections and Uncertainties For Data and MC",
      year          = "2017",
      howpublished  = "\url{https://twiki.cern.ch/twiki/bin/view/CMS/JECDataMC}",
}
@techreport{CMS-AN-2010-003,
      title         = "Particle Flow Jet Identification Criteria",
      month         = "Jun",
      year          = "2010",
      author        = "N. Saoulidou",
      institution   = "CERN",
      address       = "Geneva",
      number        = "CMS-AN-2010-003",
      type          = "CMS Analysis Note",
}
@misc{PFJetID,
      collaboration = "CMS",
      title         = "Jet Identification",
      year          = "2012",
      howpublished  = "\url{https://twiki.cern.ch/twiki/bin/viewauth/CMS/JetID}",
}
@article{PhysRevD.17.171,
  title = {Properties of hadron distributions in reactions containing very heavy quarks},
  author = {Bjorken, J. D.},
  journal = {Phys. Rev. D},
  volume = {17},
  issue = {1},
  pages = {171--173},
  numpages = {0},
  year = {1978},
  month = {Jan},
  publisher = {American Physical Society},
  doi = {10.1103/PhysRevD.17.171},
  url = {https://link.aps.org/doi/10.1103/PhysRevD.17.171}
}
@techreport{Weiser:927399,
      author        = "Weiser, Christian",
      title         = "{A Combined Secondary Vertex Based B-Tagging Algorithm in CMS}",
      institution   = "CERN",
      address       = "Geneva",
      number        = "CMS-NOTE-2006-014",
      month         = "Jan",
      year          = "2006",
      reportNumber  = "CMS-NOTE-2006-014",
      url           = "http://cds.cern.ch/record/927399",
}
@article{BTV-12-001,
      author         = "Chatrchyan, Serguei and others",
      title          = "{Identification of b-quark jets with the CMS experiment}",
      collaboration  = "CMS",
      journal        = "JINST",
      volume         = "8",
      pages          = "P04013",
      doi            = "10.1088/1748-0221/8/04/P04013",
      year           = "2013",
      eprint         = "1211.4462",
      archivePrefix  = "arXiv",
      primaryClass   = "hep-ex",
      reportNumber   = "CMS-BTV-12-001, CERN-PH-EP-2012-262",
      SLACcitation   = "%%CITATION = ARXIV:1211.4462;%%",
}
@techreport{CMS-PAS-BTV-13-001,
      title         = "{Performance of b tagging at $\sqrt{s} =$ 8 TeV in multijet, ttbar and boosted topology events}",
      institution   = "CERN",
      collaboration = "CMS",
      address       = "Geneva",
      number        = "CMS-PAS-BTV-13-001",
      year          = "2013",
    url           = "http://cds.cern.ch/record/1581306/",
    TYPE     = "CMS Physics Analysis Summary",
}
@techreport{CMS-AN-13-130,
      author        = "Nazar Bartosik and others",
      collaboration = "CMS",
      title         = "{Calibration of the Combined Secondary Vertex b-Tagging discriminant using dileptonic ttbar and Drell-Yan events}",
      institution   = "CERN",
      address       = "Geneva",
      number        = "CMS-NOTE-2013-130",
      month         = "Nov",
      year          = "2013",
      reportNumber  = "CMS-NOTE-2013-130",
      url           = "http://cms.cern.ch/iCMS/user/noteinfo?cmsnoteid=CMS%20AN-2013/130",
}
@misc{BTaggingOP,
      collaboration        = "CMS",
      title         = "{Operating Points for b-tagging Algorithms}",
      year          = "2017",
      howpublished  = "\url{https://twiki.cern.ch/twiki/bin/viewauth/CMS/BTagPerformanceOP}",
}
@article{METperf2011,
  collaboration={CMS},
  title={Missing transverse energy performance of the CMS detector},
  journal={JINST},
  volume={6},
  pages={P09001},
  url={http://stacks.iop.org/1748-0221/6/i=09/a=P09001},
  year={2011},
  doi="doi:10.1088/1748-0221/6/09/P09001",
    eprint         = "1106.5048",
    archivePrefix  = "arXiv",
    primaryClass   = "physics.ins-det"
}
@unpublished{METperf2012,
       collaboration  = "CMS",
       title          = "Performance of the missing transverse energy reconstruction by the CMS experiment in $\sqrt{s} = 8$ TeV pp data",
       year           = "2014",
       reportNumber   = "CMS-JME-13-003",
       note = "Submitted to \emph{JINST}.",
       eprint         = "1411.0511",
    archivePrefix  = "arXiv",
    primaryClass   = "physics.ins-det"
}
@misc{METAnalysis,
      collaboration        = "CMS",
      title         = "{MET Analysis}",
      year          = "2017",
      howpublished  = "\url{https://twiki.cern.ch/twiki/bin/view/CMSPublic/WorkBookMetAnalysis}",
}
@Comment{Event Generation and Detector Simulation}
@phdthesis{Siegert:2010cru,
      author         = "Siegert, Frank",
      title          = "{Monte-Carlo event generation for the LHC}",
      school         = "Durham U.",
      year           = "2010",
      url            = "https://inspirehep.net/record/1296465/files/374132240_thesis.pdf",
      reportNumber   = "CERN-THESIS-2010-302",
      SLACcitation   = "%%CITATION = CERN-THESIS-2010-302;%%"
}
@article{Mangano:2005dj,
      author         = "Mangano, M. L. and Stelzer, T. J.",
      title          = "{Tools for the simulation of hard hadronic collisions}",
      journal        = "Ann. Rev. Nucl. Part. Sci.",
      volume         = "55",
      year           = "2005",
      pages          = "555-588",
      doi            = "10.1146/annurev.nucl.55.090704.151505",
      reportNumber   = "CERN-PH-TH-2005-074",
      SLACcitation   = "%%CITATION = ARNUA,55,555;%%"
}
@inproceedings{Dobbs:2004qw,
      author         = "Dobbs, M. A. and others",
      title          = "{Les Houches guidebook to Monte Carlo generators for
                        hadron collider physics}",
      booktitle      = "{Physics at TeV colliders. Proceedings, Workshop, Les
                        Houches, France, May 26-June 3, 2003}",
      url            = "http://lss.fnal.gov/cgi-bin/find_paper.pl?conf-04-183",
      year           = "2004",
      pages          = "411-459",
      eprint         = "hep-ph/0403045",
      archivePrefix  = "arXiv",
      primaryClass   = "hep-ph",
      reportNumber   = "FERMILAB-CONF-04-183-T",
      SLACcitation   = "%%CITATION = HEP-PH/0403045;%%"
}
@article{Martin:2009iq,
      author         = "Martin, A. D. and Stirling, W. J. and Thorne, R. S. and
                        Watt, G.",
      title          = "{Parton distributions for the LHC}",
      journal        = "Eur. Phys. J.",
      volume         = "C63",
      year           = "2009",
      pages          = "189-285",
      doi            = "10.1140/epjc/s10052-009-1072-5",
      eprint         = "0901.0002",
      archivePrefix  = "arXiv",
      primaryClass   = "hep-ph",
      reportNumber   = "IPPP-08-95, DCPT-08-190, CAVENDISH-HEP-08-16",
      SLACcitation   = "%%CITATION = ARXIV:0901.0002;%%"
}
@article{Kurihara:2002ne,
      author         = "Kurihara, Y. and Fujimoto, J. and Ishikawa, T. and Kato,
                        K. and Kawabata, S. and Munehisa, T. and Tanaka, H.",
      title          = "{QCD event generators with next-to-leading order matrix
                        elements and parton showers}",
      journal        = "Nucl. Phys.",
      volume         = "B654",
      year           = "2003",
      pages          = "301-319",
      doi            = "10.1016/S0550-3213(03)00057-9",
      eprint         = "hep-ph/0212216",
      archivePrefix  = "arXiv",
      primaryClass   = "hep-ph",
      reportNumber   = "KEK-CP-121",
      SLACcitation   = "%%CITATION = HEP-PH/0212216;%%"
}
@inbook {MonteCarloMethods,
      title     = {Monte-Carlo Methods},
      author    = {Binder, K.},
      author    = {},
      publisher = {Wiley-VCH Verlag GmbH \& Co. KGaA},
      isbn      = {9783527607778},
      url       = {http://dx.doi.org/10.1002/3527607773.ch9},
      doi       = {10.1002/3527607773.ch9},
      pages     = {249--280},
      booktitle = {Mathematical Tools for Physicists},
      year      = {2006},
}
@article{ANDERSSON198331,
      title     = "Parton fragmentation and string dynamics",
      journal   = "Physics Reports",
      volume    = "97",
      number    = "2",
      pages     = "31 - 145",
      year      = "1983",
      note      = "",
      issn      = "0370-1573",
      doi       = "http://dx.doi.org/10.1016/0370-1573(83)90080-7",
      url       = "http://www.sciencedirect.com/science/article/pii/0370157383900807",
      author    = "B. Andersson and G. Gustafson and G. Ingelman and T. Sjöstrand",
}
@article{Andersson:1997hs,
      author         = "Andersson, Bo and Ringner, Markus",
      title          = "{Bose-Einstein correlations in the Lund model}",
      booktitle      = "{Proceedings, 7th International Workshop on Correlations
                        and fluctuations in Multiparticle Production (IWCF 1996):
                        Nijmegen, Netherlands, June 30-July 6, 1996}",
      journal        = "Nucl. Phys.",
      volume         = "B513",
      year           = "1998",
      pages          = "627-644",
      doi            = "10.1016/S0550-3213(97)00722-0",
      eprint         = "hep-ph/9704383",
      archivePrefix  = "arXiv",
      primaryClass   = "hep-ph",
      reportNumber   = "LU-TP-97-07",
      SLACcitation   = "%%CITATION = HEP-PH/9704383;%%"
}
@article{WEBBER1984492,
      title   = "A QCD model for jet fragmentation including soft gluon interference",
      journal = "Nuclear Physics B",
      volume  = "238",
      number  = "3",
      pages   = "492 - 528",
      year    = "1984",
      note    = "",
      issn    = "0550-3213",
      doi     = "http://dx.doi.org/10.1016/0550-3213(84)90333-X",
      url     = "http://www.sciencedirect.com/science/article/pii/055032138490333X",
      author  = "B.R. Webber",
}
@article{Winter:2003tt,
      author         = "Winter, Jan-Christopher and Krauss, Frank and Soff,
                        Gerhard",
      title          = "{A Modified cluster hadronization model}",
      journal        = "Eur. Phys. J.",
      volume         = "C36",
      year           = "2004",
      pages          = "381-395",
      doi            = "10.1140/epjc/s2004-01960-8",
      eprint         = "hep-ph/0311085",
      archivePrefix  = "arXiv",
      primaryClass   = "hep-ph",
      reportNumber   = "CERN-TH-2003-272",
      SLACcitation   = "%%CITATION = HEP-PH/0311085;%%"
}
@article{1126-6708-2006-05-026,
      author  ={Torbjörn Sjöstrand and Stephen Mrenna and Peter Skands},
      title   ={PYTHIA 6.4 physics and manual},
      journal ={Journal of High Energy Physics},
      volume  ={2006},
      number  ={05},
      pages   ={026},
      url     ={http://stacks.iop.org/1126-6708/2006/i=05/a=026},
      year    ={2006},
      abstract={The Pythia program can be used to generate high-energy-physics `events', i.e. sets of outgoing particles produced in the interactions between two incoming particles. The objective is to provide as accurate as possible a representation of event properties in a wide range of reactions, within and beyond the Standard Model, with emphasis on those where strong interactions play a rôle, directly or indirectly, and therefore multihadronic final states are produced. The physics is then not understood well enough to give an exact description; instead the program has to be based on a combination of analytical results and various QCD-based models. This physics input is summarized here, for areas such as hard subprocesses, initial- and final-state parton showers, underlying events and beam remnants, fragmentation and decays, and much more. Furthermore, extensive information is provided on all program elements: subroutines and functions, switches and parameters, and particle and process data. This should allow the user to tailor the generation task to the topics of interest. The code and further information may be found on the Pythia web page: http://www.thep.lu.se/~torbjorn/Pythia.html [http://www.thep.lu.se/~torbjorn/Pythia.html] .}
}
@article{Alwall:2014hca,
      author         = "Alwall, J. and Frederix, R. and Frixione, S. and Hirschi,
                        V. and Maltoni, F. and Mattelaer, O. and Shao, H. -S. and
                        Stelzer, T. and Torrielli, P. and Zaro, M.",
      title          = "{The automated computation of tree-level and
                        next-to-leading order differential cross sections, and
                        their matching to parton shower simulations}",
      journal        = "JHEP",
      volume         = "07",
      year           = "2014",
      pages          = "079",
      doi            = "10.1007/JHEP07(2014)079",
      eprint         = "1405.0301",
      archivePrefix  = "arXiv",
      primaryClass   = "hep-ph",
      reportNumber   = "CERN-PH-TH-2014-064, CP3-14-18, LPN14-066, MCNET-14-09,
                        ZU-TH-14-14",
      SLACcitation   = "%%CITATION = ARXIV:1405.0301;%%"
}
@article{Nason:2004rx,
      author         = "Nason, Paolo",
      title          = "{A New method for combining NLO QCD with shower Monte
                        Carlo algorithms}",
      journal        = "JHEP",
      volume         = "11",
      year           = "2004",
      pages          = "040",
      doi            = "10.1088/1126-6708/2004/11/040",
      eprint         = "hep-ph/0409146",
      archivePrefix  = "arXiv",
      primaryClass   = "hep-ph",
      reportNumber   = "BICOCCA-FT-04-11",
      SLACcitation   = "%%CITATION = HEP-PH/0409146;%%"
}
@article{Alioli:2010xd,
      author         = "Alioli, Simone and Nason, Paolo and Oleari, Carlo and Re,
                        Emanuele",
      title          = "{A general framework for implementing NLO calculations in
                        shower Monte Carlo programs: the POWHEG BOX}",
      journal        = "JHEP",
      volume         = "06",
      year           = "2010",
      pages          = "043",
      doi            = "10.1007/JHEP06(2010)043",
      eprint         = "1002.2581",
      archivePrefix  = "arXiv",
      primaryClass   = "hep-ph",
      reportNumber   = "DESY-10-018, SFB-CPP-10-22, IPPP-10-11, DCPT-10-22",
      SLACcitation   = "%%CITATION = ARXIV:1002.2581;%%"
}
@article{WAS200196,
      title   = "TAUOLA the library for $\tau$ lepton decay, and KKMC/KORALB/KORALZ/… status report",
      journal = "Nuclear Physics B - Proceedings Supplements",
      volume  = "98",
      number  = "1",
      pages   = "96 - 102",
      year    = "2001",
      note    = "",
      issn    = "0920-5632",
      doi     = "http://dx.doi.org/10.1016/S0920-5632(01)01200-2",
      url     = "http://www.sciencedirect.com/science/article/pii/S0920563201012002",
      author  = "Z. W\c{a}s",
}
@article{geant4nim,
      title   = "Geant4 a simulation toolkit",
      journal = "Nucl. Instrum. Meth. A",
      volume  = "506",
      number  = "3",
      pages   = "250 - 303",
      year    = "2003",
      note    = "",
      issn    = "0168-9002",
      doi     = "10.1016/S0168-9002(03)01368-8",
      url     = "http://www.sciencedirect.com/science/article/pii/S0168900203013688",
      author  = "S. Agostinelli and others",
}
@Comment{
  and J. Allison and K. Amako and J. Apostolakis and H. Araujo and P. Arce and M. Asai and D. Axen and S. Banerjee and G. Barrand and F. Behner and L. Bellagamba and J. Boudreau and L. Broglia and A. Brunengo and H. Burkhardt and S. Chauvie and J. Chuma and R. Chytracek and G. Cooperman and G. Cosmo and P. Degtyarenko and A. Dell'Acqua and G. Depaola and D. Dietrich and R. Enami and A. Feliciello and C. Ferguson and H. Fesefeldt and G. Folger and F. Foppiano and A. Forti and S. Garelli and S. Giani and R. Giannitrapani and D. Gibin and J.J. Gómez Cadenas and I. González and G. Gracia Abril and G. Greeniaus and W. Greiner and V. Grichine and A. Grossheim and S. Guatelli and P. Gumplinger and R. Hamatsu and K. Hashimoto and H. Hasui and A. Heikkinen and A. Howard and V. Ivanchenko and A. Johnson and F.W. Jones and J. Kallenbach and N. Kanaya and M. Kawabata and Y. Kawabata and M. Kawaguti and S. Kelner and P. Kent and A. Kimura and T. Kodama and R. Kokoulin and M. Kossov and H. Kurashige and E. Lamanna and T. Lampén and V. Lara and V. Lefebure and F. Lei and M. Liendl and W. Lockman and F. Longo and S. Magni and M. Maire and E. Medernach and K. Minamimoto and P. Mora de Freitas and Y. Morita and K. Murakami and M. Nagamatu and R. Nartallo and P. Nieminen and T. Nishimura and K. Ohtsubo and M. Okamura and S. O'Neale and Y. Oohata and K. Paech and J. Perl and A. Pfeiffer and M.G. Pia and F. Ranjard and A. Rybin and S. Sadilov and E. Di Salvo and G. Santin and T. Sasaki and N. Savvas and Y. Sawada and S. Scherer and S. Sei and V. Sirotenko and D. Smith and N. Starkov and H. Stoecker and J. Sulkimo and M. Takahata and S. Tanaka and E. Tcherniaev and E. Safai Tehrani and M. Tropeano and P. Truscott and H. Uno and L. Urban and P. Urban and M. Verderi and A. Walkden and W. Wander and H. Weber and J.P. Wellisch and T. Wenaus and D.C. Williams and D. Wright and T. Yamada and H. Yoshida and D. Zschiesche 
}
@ARTICLE{geant4ieee,
      author ={Allison, J. and others},
      journal="{IEEE} Trans. Nucl. Sci.",
      title  ={Geant4 developments and applications},
      year   ={2006},
      month  ="Febuary",
      volume ={53},
      number ={1},
      pages  ={270 -278},
      doi    ={10.1109/TNS.2006.869826},
      ISSN   ={0018-9499},
}
@Comment{
  and Amako, K. and Apostolakis, J. and Araujo, H. and Dubois, P.A. and Asai, M. and Barrand, G. and Capra, R. and Chauvie, S. and Chytracek, R. and Cirrone, G.A.P. and Cooperman, G. and Cosmo, G. and Cuttone, G. and Daquino, G.G. and Donszelmann, M. and Dressel, M. and Folger, G. and Foppiano, F. and Generowicz, J. and Grichine, V. and Guatelli, S. and Gumplinger, P. and Heikkinen, A. and Hrivnacova, I. and Howard, A. and Incerti, S. and Ivanchenko, V. and Johnson, T. and Jones, F. and Koi, T. and Kokoulin, R. and Kossov, M. and Kurashige, H. and Lara, V. and Larsson, S. and Lei, F. and Link, O. and Longo, F. and Maire, M. and Mantero, A. and Mascialino, B. and McLaren, I. and Lorenzo, P.M. and Minamimoto, K. and Murakami, K. and Nieminen, P. and Pandola, L. and Parlati, S. and Peralta, L. and Perl, J. and Pfeiffer, A. and Pia, M.G. and Ribon, A. and Rodrigues, P. and Russo, G. and Sadilov, S. and Santin, G. and Sasaki, T. and Smith, D. and Starkov, N. and Tanaka, S. and Tcherniaev, E. and Tome, B. and Trindade, A. and Truscott, P. and Urban, L. and Verderi, M. and Walkden, A. and Wellisch, J.P. and Williams, D.C. and Wright, D. and Yoshida, H.j
}
@Article{POWHEG2,
     author  = "Frixione, S. and Nason, P. and Oleari, C.",
     title   = "Matching {NLO QCD} computations with parton shower simulations: the {POWHEG} method",
     journal = "JHEP",
     volume  = "11",
     pages   = "070",
     year    = "2007",
     doi     = "10.1088/1126-6708/2007/11/070",
     eprint  = "0709.2092",
     archivePrefix = "arXiv",
}
@article{POWHEG:singlet,
      author         = "Alioli, Simone and Nason, Paolo and Oleari, Carlo and Re,
                        Emanuele",
      title          = "{NLO single-top production matched with shower in POWHEG:
                        $s$- and $t$-channel contributions}",
      journal        = "JHEP",
      volume         = "09",
      pages          = "111",
      doi            = "10.1088/1126-6708/2009/09/111",
      note           = "[Erratum: \doi{10.1007/JHEP02(2010)011}]",
      year           = "2009",
      eprint         = "0907.4076",
      archivePrefix  = "arXiv",
      primaryClass   = "hep-ph",
      SLACcitation   = "%%CITATION = ARXIV:0907.4076;%%",
}
@article{POWHEG:singletW,
      author         = "Re, Emanuele",
      title          = "{Single-top $Wt$-channel production matched with parton
                        showers using the POWHEG method}",
      journal        = "Eur. Phys. J. C",
      volume         = "71",
      pages          = "1547",
      doi            = "10.1140/epjc/s10052-011-1547-z",
      year           = "2011",
      eprint         = "1009.2450",
      archivePrefix  = "arXiv",
      primaryClass   = "hep-ph",
      reportNumber   = "IPPP-10-74, DCPT-10-148",
      SLACcitation   = "%%CITATION = ARXIV:1009.2450;%%",
}
@inproceedings{TOPCrossSec,
      author         = "Kidonakis, Nikolaos",
      title          = "{Differential and total cross sections for top pair and
                        single top production}",
      booktitle = "Proc. of {XX} Int. Workshop on Deep-Inelastic Scattering and Related Subjects",
      pages          = "831",
      doi            = "10.3204/DESY-PROC-2012-02/251",
      year           = "2012",
      eprint         = "1205.3453",
      archivePrefix  = "arXiv",
      primaryClass   = "hep-ph",
      SLACcitation   = "%%CITATION = ARXIV:1205.3453;%%",
}
@Article{FEWZ,
     author = "K. Melnikov and F. Petriello",
     title = "Electroweak gauge boson production at hadron colliders through $\mathcal{O}(\alpha_{s}^2)$",
     journal = "Phys. Rev. D",
     volume = "74",
     year = "2006",
     pages = "114017",
     doi   = "10.1103/PhysRevD.74.114017",
     eprint = "hep-ph/0609070",
     primaryClass = "hep-ph",
}
@Article{MCFM,
     author = "J. M. Campbell and R. K. Ellis and C. Williams",
     title = "Vector boson pair production at the {LHC}",
     journal = "JHEP",
     volume = "07",
     year = "2011",
     pages = "018",
     doi   = "10.1007/JHEP07(2011)018",
     eprint = "1105.0020",
   archivePrefix  = "arXiv",
     primaryClass = "hep-ph",
}
















































@Comment{Analysis}
@article{Heinemeyer:2013tqa,
      author         = "Andersen, J R and others",
      editor         = "Heinemeyer, S and Mariotti, C and Passarino, G and
                        Tanaka, R",
      title          = "{Handbook of LHC Higgs Cross Sections: 3. Higgs
                        Properties}",
      collaboration  = "LHC Higgs Cross Section Working Group",
      doi            = "10.5170/CERN-2013-004",
      year           = "2013",
      eprint         = "1307.1347",
      archivePrefix  = "arXiv",
      primaryClass   = "hep-ph",
      reportNumber   = "CERN-2013-004, FERMILAB-CONF-13-667-T",
      SLACcitation   = "%%CITATION = ARXIV:1307.1347;%%"
}
@misc{JetEnergyResolutionTwiki,
      collaboration        = "CMS",
      title         = "{Jet Energy Resolution}",
      year          = "2017",
      howpublished  = "\url{https://twiki.cern.ch/twiki/bin/viewauth/CMS/JetResolution}",
}
@article{PhysRevD.89.012003,
  title = {Search for the standard model Higgs boson produced in association with a $W$ or a $Z$ boson and decaying to bottom quarks},
  author = {Chatrchyan, S. and others},
  collaboration = {CMS Collaboration},
  journal = {Phys. Rev. D},
  volume = {89},
  issue = {1},
  pages = {012003},
  numpages = {36},
  year = {2014},
  month = {Jan},
  publisher = {American Physical Society},
  doi = {10.1103/PhysRevD.89.012003},
  url = {https://link.aps.org/doi/10.1103/PhysRevD.89.012003}
}
@misc{PileupWeightTwiki,
      collaboration        = "CMS",
      title         = "{Utilities for Accessing Pileup Information for Data}",
      year          = "2017",
      howpublished  = "\url{https://twiki.cern.ch/twiki/bin/view/CMS/PileupJSONFileforData}",
}
@misc{PileupStudiesTwiki,
      collaboration        = "CMS",
      title         = "{Pileup Studies}",
      year          = "2017",
      howpublished  = "\url{https://twiki.cern.ch/twiki/bin/viewauth/CMS/PileupInformation}",
}
@article{Chatrchyan:2012saa,
      author         = "Chatrchyan, Serguei and others",
      title          = "{Measurement of differential top-quark pair production cross sections in $pp$ colisions at $\sqrt{s}=7$ TeV}",
      collaboration  = "CMS",
      journal        = "Eur. Phys. J.",
      volume         = "C73",
      year           = "2013",
      number         = "3",
      pages          = "2339",
      doi            = "10.1140/epjc/s10052-013-2339-4",
      eprint         = "1211.2220",
      archivePrefix  = "arXiv",
      primaryClass   = "hep-ex",
      reportNumber   = "CMS-TOP-11-013, CERN-PH-EP-2012-322",
      SLACcitation   = "%%CITATION = ARXIV:1211.2220;%%"
}
@misc{TopPtReweighting,
      collaboration = "CMS",
      title         = "{pt(top-quark) based reweighting of ttbar MC}",
      year          = "2017",
      howpublished  = "\url{https://twiki.cern.ch/twiki/bin/viewauth/CMS/TopPtReweighting}",
}
@Article{Kidonakis2014,
      author="Kidonakis, Nikolaos",
      title="NNLL threshold resummation for top-pair and single-top production",
      journal="Physics of Particles and Nuclei",
      year="2014",
      month="Jul",
      day="01",
      volume="45",
      number="4",
      pages="714--722",
      issn="1531-8559",
      doi="10.1134/S1063779614040091",
      url="https://doi.org/10.1134/S1063779614040091"
}
@article{PhysRevD.81.075022,
  title = {Spin determination of single-produced resonances at hadron colliders},
  author = {Gao, Yanyan and Gritsan, Andrei V. and Guo, Zijin and Melnikov, Kirill and Schulze, Markus and Tran, Nhan V.},
  journal = {Phys. Rev. D},
  volume = {81},
  issue = {7},
  pages = {075022},
  numpages = {27},
  year = {2010},
  month = {Apr},
  publisher = {American Physical Society},
  doi = {10.1103/PhysRevD.81.075022},
  url = {https://link.aps.org/doi/10.1103/PhysRevD.81.075022}
}
@article{Roe:2004na,
      author         = "Roe, Byron P. and Yang, Hai-Jun and Zhu, Ji and Liu, Yong
                        and Stancu, Ion and McGregor, Gordon",
      title          = "{Boosted decision trees, an alternative to artificial
                        neural networks}",
      journal        = "Nucl. Instrum. Meth.",
      volume         = "A543",
      year           = "2005",
      number         = "2-3",
      pages          = "577-584",
      doi            = "10.1016/j.nima.2004.12.018",
      eprint         = "physics/0408124",
      archivePrefix  = "arXiv",
      primaryClass   = "physics",
      SLACcitation   = "%%CITATION = PHYSICS/0408124;%%"
}
@article{Hocker:2007ht,
      author         = "Hocker, Andreas and others",
      title          = "{TMVA - Toolkit for Multivariate Data Analysis}",
      booktitle      = "{Proceedings, 11th International Workshop on Advanced
                        computing and analysis techniques in physics research
                        (ACAT 2007): Amsterdam, Netherlands, April 23-27, 2007}",
      journal        = "PoS",
      volume         = "ACAT",
      year           = "2007",
      pages          = "040",
      eprint         = "physics/0703039",
      archivePrefix  = "arXiv",
      primaryClass   = "PHYSICS",
      reportNumber   = "CERN-OPEN-2007-007",
      SLACcitation   = "%%CITATION = PHYSICS/0703039;%%"
}
@article{1742-6596-219-3-032057,
  author={P Speckmayer and A Höcker and J Stelzer and H Voss},
  title={The toolkit for multivariate data analysis, TMVA 4},
  journal={Journal of Physics: Conference Series},
  volume={219},
  number={3},
  pages={032057},
  url={http://stacks.iop.org/1742-6596/219/i=3/a=032057},
  year={2010}
}
@article{FREUND1997119,
title = "A Decision-Theoretic Generalization of On-Line Learning and an Application to Boosting",
journal = "Journal of Computer and System Sciences",
volume = "55",
number = "1",
pages = "119 - 139",
year = "1997",
issn = "0022-0000",
doi = "https://doi.org/10.1006/jcss.1997.1504",
url = "http://www.sciencedirect.com/science/article/pii/S002200009791504X",
author = "Yoav Freund and Robert E Schapire"
}
@Article{Dobrescu2010,
author="Dobrescu, Bogdan A.
and Lykken, Joseph D.",
title="Semileptonic decays of the standard Higgs boson",
journal="Journal of High Energy Physics",
year="2010",
month="Apr",
day="21",
volume="2010",
number="4",
pages="83",
issn="1029-8479",
doi="10.1007/JHEP04(2010)083",
url="https://doi.org/10.1007/JHEP04(2010)083"
}
@misc{JECUncertainties,
      collaboration = "CMS",
      title         = "{Jet Energy Corrections: Official Software Tools for applying JEC Corrections and Uncertainties}",
      year          = "2017",
      howpublished  = "\url{https://twiki.cern.ch/twiki/bin/view/CMSPublic/WorkBookJetEnergyCorrections}",
}
@misc{JECUncertaintySources,
      collaboration = "CMS",
      title         = "{Jet energy scale uncertainty sources}",
      year          = "2017",
      howpublished  = "\url{https://twiki.cern.ch/twiki/bin/viewauth/CMS/JECUncertaintySources}",
}
@misc{SMCrossSectionsat8TeV,
      collaboration = "CMS",
      title         = "{Standard Model Cross Sections for CMS at 8 TeV}",
      year          = "2017",
      howpublished  = "\url{https://twiki.cern.ch/twiki/bin/viewauth/CMS/StandardModelCrossSectionsat8TeV}",
}
@misc{HiggsCrossSectionsAt8TeVRepot3,
      collaboration = "CMS",
      title         = "{SM Higgs production cross sections at $\sqrt{s} = 8$ TeV (update in CERN Report3)}",
      year          = "2017",
      howpublished  = "\url{https://twiki.cern.ch/twiki/bin/view/LHCPhysics/CERNYellowReportPageAt8TeV}",
}
@article{Murayama:1992gi,
      author         = "Murayama, H. and Watanabe, I. and Hagiwara, Kaoru",
      title          = "{HELAS: HELicity amplitude subroutines for Feynman
                        diagram evaluations}",
      year           = "1992",
      reportNumber   = "KEK-91-11",
      SLACcitation   = "%%CITATION = KEK-91-11;%%"
}
@article{VANDOOREN1976207,
title = "An adaptive algorithm for numerical integration over an n-dimensional cube",
journal = "Journal of Computational and Applied Mathematics",
volume = "2",
number = "3",
pages = "207 - 217",
year = "1976",
issn = "0377-0427",
doi = "https://doi.org/10.1016/0771-050X(76)90005-X",
url = "http://www.sciencedirect.com/science/article/pii/0771050X7690005X",
author = "Paul van Dooren and Luc de Ridder"
}
@misc{CERNLIB,
    title = "The CERN Program Library is a package of libraries and modules for use in particle physics analyses.",
    year = "2017",
    howpublished = "\url{https://cernlib.web.cern.ch/cernlib/}",
}
@article{GENZ1980295,
title = "Remarks on algorithm 006: An adaptive algorithm for numerical integration over an N-dimensional rectangular region",
journal = "Journal of Computational and Applied Mathematics",
volume = "6",
number = "4",
pages = "295 - 302",
year = "1980",
issn = "0377-0427",
doi = "https://doi.org/10.1016/0771-050X(80)90039-X",
url = "http://www.sciencedirect.com/science/article/pii/0771050X8090039X",
author = "A.C. Genz and A.A. Malik"
}
@article{Brun:1997pa,
      author         = "Brun, R. and Rademakers, F.",
      title          = "{ROOT: An object oriented data analysis framework}",
      booktitle      = "{New computing techniques in physics research V.
                        Proceedings, 5th International Workshop, AIHENP '96,
                        Lausanne, Switzerland, September 2-6, 1996}",
      journal        = "Nucl. Instrum. Meth.",
      volume         = "A389",
      year           = "1997",
      pages          = "81-86",
      doi            = "10.1016/S0168-9002(97)00048-X",
      SLACcitation   = "%%CITATION = NUIMA,A389,81;%%",
      note           = "\url{http://root.cern.ch/}"
}
@article{Friedman:1981:NPP:355934.355939,
 author = {Friedman, Jerome H. and Wright, Margaret H.},
 title = {A Nested Partitioning Procedure for Numerical Multiple Integration},
 journal = {ACM Trans. Math. Softw.},
 issue_date = {March 1981},
 volume = {7},
 number = {1},
 month = mar,
 year = {1981},
 issn = {0098-3500},
 pages = {76--92},
 numpages = {17},
 url = {http://doi.acm.org/10.1145/355934.355939},
 doi = {10.1145/355934.355939},
 acmid = {355939},
 publisher = {ACM},
 address = {New York, NY, USA},
 note="implemented as CERNLIB algorithm D151, documented at \url{http://wwwasdoc.web.cern.ch/wwwasdoc/shortwrupsdir/d151/top.html}"
} 
@article{Hahn:2004fe,
      author         = "Hahn, T.",
      title          = "{CUBA: A Library for multidimensional numerical
                        integration}",
      journal        = "Comput. Phys. Commun.",
      volume         = "168",
      year           = "2005",
      pages          = "78-95",
      doi            = "10.1016/j.cpc.2005.01.010",
      eprint         = "hep-ph/0404043",
      archivePrefix  = "arXiv",
      primaryClass   = "hep-ph",
      reportNumber   = "MPP-2004-40",
      SLACcitation   = "%%CITATION = HEP-PH/0404043;%%"
}
@Article{Koksma1943,
      author  ="Koksma, J. F.",
      title   ="Een Algemeene Stelling Uit de Theorie der Gelijkmatige Verdeeling Modulo 1",
      journal ="Mathematica B (Zutphen)",
      year    ="1942/43",
      volume  ="11",
      pages   ="7-11"
}
@Article{Hlawka1961,
      author  ="Hlawka, Edmund",
      title   ="Funktionen von beschr{\"a}nkter Variatiou in der Theorie der Gleichverteilung",
      journal ="Annali di Matematica Pura ed Applicata",
      year    ="1961",
      month   ="Dec",
      day     ="01",
      volume  ="54",
      number  ="1",
      pages   ="325--333",
      issn    ="1618-1891",
      doi     ="10.1007/BF02415361",
      url     ="https://doi.org/10.1007/BF02415361"
}
@inbook{Hickernell2004,
      title     = {Koksma–Hlawka Inequality},
      author    = {Hickernell, Fred J.},
      author    = {},
      publisher = {John Wiley \& Sons, Inc.},
      isbn      = {9780471667193},
      url       = {http://dx.doi.org/10.1002/0471667196.ess4085.pub2},
      doi       = {10.1002/0471667196.ess4085.pub2},
      keywords  = {discrepancy, multivariate integration, worst-case error analysis, quasi–Monte Carlo methods, uniform design},
      booktitle = {Encyclopedia of Statistical Sciences},
      year      = {2004},
}


























































@Comment{Results}
@article{Read:presentation,
  author  = {A L Read},
  title   = "{Presentation of search results: the $CL_{s}$ technique}",
  journal = "J. Phys. G",
  volume  = {28},
  pages   = {2693},
  url     = {http://stacks.iop.org/0954-3899/28/i=10/a=313},
  year    = {2002},
  doi     = "10.1088/0954-3899/28/10/313",
}
@article{Junk,
    title    = "Confidence level computation for combining searches with small statistics",
    journal  = "Nucl. Instrum. Meth. A",
    volume   = "434",
    pages    = "435",
    year     = "1999",
    note     = "",
    issn     = "0168-9002",
    doi      = "10.1016/S0168-9002(99)00498-2",
    author   = "Thomas Junk",
    keywords = "Confidence level computation Poisson statistical ",
    eprint   = "hep-ex/9902006"
}
@Techreport{LHC-HCG,
    author      = "{ATLAS and CMS Collaborations, LHC Higgs Combination Group}",
    institution = "CERN",
    title       = "Procedure for the {LHC} {H}iggs boson search combination in {S}ummer 2011",
    url         = "http://cdsweb.cern.ch/record/1379837",
    number      = "ATL-PHYS-PUB-2011-11, CMS-NOTE-2011-005",
    year        = "2011"
}
@TECHREPORT{Read:CLs,
       Author = "Read, A L",
       Type = "{CERN} Report",
       institution = "CERN",
       pages = {81},
       Title = "Modified frequentist analysis of search results (the CLs method)",
       NUMBER = {CERN-OPEN-2000-005},
       Year = {2000},
       URL= "http://cdsweb.cern.ch/record/451614"
}
@misc{HiggsCombineTwiki,
      collaboration = "CMS",
      title         = "{Documentation of the RooStats-based statistics tools for Higgs PAG}",
      year          = "2017",
      howpublished  = "\url{https://twiki.cern.ch/twiki/bin/viewauth/CMS/SWGuideHiggsAnalysisCombinedLimit}",
}
@inproceedings{Schott:2012zb,
      author         = "Schott, Gregory",
      title          = "{RooStats for Searches}",
      booktitle      = "{Proceedings, PHYSTAT 2011 Workshop on Statistical Issues
                        Related to Discovery Claims in Search Experiments and
                        Unfolding, CERN,Geneva, Switzerland 17-20 January 2011}",
      organization   = "CERN",
      publisher      = "CERN",
      collaboration  = "RooStats Team",
      address        = "Geneva",
      year           = "2011",
      url            = "https://inspirehep.net/record/1093113/files/arXiv:1203.1547.pdf",
      pages          = "199-208",
      doi            = "10.5170/CERN-2011-006.199",
      eprint         = "1203.1547",
      archivePrefix  = "arXiv",
      primaryClass   = "physics.data-an",
      SLACcitation   = "%%CITATION = ARXIV:1203.1547;%%"
}










































@Comment{For Images}
@MISC{LHC-schematic,
    author = {Kurt Andersen and Todd Eberle},
    title = {The Genesis 2.0 Project},
    year = {2010},
    note = {[Online; accessed November 29, 2016},
    howpublished = "\url{http://media.vanityfair.com/photos/54cbf6ad1ca1cf0a23ac6c85/master/w_690,c_limit/image.jpg}"
}
@misc{Jean-Luc:841573,
      author        = "Jean-Luc Caron",
      title         = "{LHC Layout.. Schema general du LHC.}",
      month         = "Sep",
      year          = "1997",
      reportNumber  = "LHC-PHO-1997-060",
      howpublished  = "\url{http://cds.cern.ch/record/841573}",
      note          = "AC Collection. Legacy of AC. Pictures from 1992 to 2002.",
}
@misc{Jean-Luc:841568,
      author        = "Jean-Luc Caron",
      title         = "{The LHC injection complex}",
      month         = "May",
      year          = "1993",
      note          = "AC Collection. Legacy of AC. Pictures from 1992 to 2002.",
      howpublished  = "\url{http://cds.cern.ch/record/841568}",
}
@article{Marcastel:1621583,
      author        = "Marcastel, Fabienne",
      title         = "{CERN's Accelerator Complex. La chaîne des
                       accélérateurs du CERN}",
      month         = "Oct",
      year          = "2013",
      reportNumber  = "OPEN-PHO-CHART-2013-001",
      howpublished  = "\url{https://cds.cern.ch/record/1621583}",
      note          = "General Photo",
}
@misc{Dailler:842253,
      author        = "Serge Dailler",
      title         = "{LHC Dipole}",
      month         = "July",
      year          = "1998",
      note          = "AC Collection. Legacy of AC. Pictures from 1992 to 2002.",
      howpublished  = "\url{http://cds.cern.ch/record/842253}",
}
@misc{SketchUpCMS,
      collaboration = "CMS",
      title         = "{SketchUpCMS Gallery}",
      month         = "Jan",
      year          = "2017",
      howpublished  = "\url{https://twiki.cern.ch/twiki/bin/view/CMSPublic/SketchUpCMSGallery?redirectedfrom=CMS.SketchUpCMSGallery}",
}
@misc{CMSSlice,
      collaboration = "CMS",
      title         = "{The CMS Detector and the Token Bit Manager}",
      month         = "Jan",
      year          = "2017",
      howpublished  = "\url{https://www.phys.ksu.edu/reu2014/wabehn/}",
}
@article{Schott:2014sea,
      author         = "Schott, Matthias and Dunford, Monica",
      title          = "{Review of single vector boson production in pp
                        collisions at $\sqrt{s} = 7$ TeV}",
      journal        = "Eur. Phys. J.",
      volume         = "C74",
      year           = "2014",
      pages          = "2916",
      doi            = "10.1140/epjc/s10052-014-2916-1",
      eprint         = "1405.1160",
      archivePrefix  = "arXiv",
      primaryClass   = "hep-ex",
      SLACcitation   = "%%CITATION = ARXIV:1405.1160;%%"
}































@Comment{Appendix A


























}
@article{BJORKEN1964255,
title = "Elementary particles and SU(4)",
journal = "Physics Letters",
volume = "11",
number = "3",
pages = "255 - 257",
year = "1964",
issn = "0031-9163",
doi = "https://doi.org/10.1016/0031-9163(64)90433-0",
url = "http://www.sciencedirect.com/science/article/pii/0031916364904330",
author = "B.J. Bjørken and S.L. Glashow"
}
@article{PhysRevD.2.1285,
  title = {Weak Interactions with Lepton-Hadron Symmetry},
  author = {Glashow, S. L. and Iliopoulos, J. and Maiani, L.},
  journal = {Phys. Rev. D},
  volume = {2},
  issue = {7},
  pages = {1285--1292},
  numpages = {0},
  year = {1970},
  month = {Oct},
  publisher = {American Physical Society},
  doi = {10.1103/PhysRevD.2.1285},
  url = {https://link.aps.org/doi/10.1103/PhysRevD.2.1285}
}
@article{PhysRevLett.33.1406,
  title = {Discovery of a Narrow Resonance in ${e}^{+}{e}^{\ensuremath{-}}$ Annihilation},
  author = {Augustin, J. -E. and others},
  journal = {Phys. Rev. Lett.},
  volume = {33},
  issue = {23},
  pages = {1406--1408},
  numpages = {0},
  year = {1974},
  month = {Dec},
  publisher = {American Physical Society},
  doi = {10.1103/PhysRevLett.33.1406},
  url = {https://link.aps.org/doi/10.1103/PhysRevLett.33.1406}
}
@article{PhysRevLett.33.1404,
  title = {Experimental Observation of a Heavy Particle $J$},
  author = {Aubert, J. J. and others},
  journal = {Phys. Rev. Lett.},
  volume = {33},
  issue = {23},
  pages = {1404--1406},
  numpages = {0},
  year = {1974},
  month = {Dec},
  publisher = {American Physical Society},
  doi = {10.1103/PhysRevLett.33.1404},
  url = {https://link.aps.org/doi/10.1103/PhysRevLett.33.1404}
}
@article{doi:10.1143/PTP.49.652,
author = {Kobayashi, Makoto and Maskawa, Toshihide},
title = {CP-Violation in the Renormalizable Theory of Weak Interaction},
journal = {Progress of Theoretical Physics},
volume = {49},
number = {2},
pages = {652-657},
year = {1973},
doi = {10.1143/PTP.49.652},
URL = { + http://dx.doi.org/10.1143/PTP.49.652},
eprint = {/oup/backfile/content_public/journal/ptp/49/2/10.1143/ptp.49.652/2/49-2-652.pdf}
}
@article{PhysRevLett.39.252,
  title = {Observation of a Dimuon Resonance at 9.5 GeV in 400-GeV Proton-Nucleus Collisions},
  author = {Herb, S. W. and others},
  journal = {Phys. Rev. Lett.},
  volume = {39},
  issue = {5},
  pages = {252--255},
  numpages = {0},
  year = {1977},
  month = {Aug},
  publisher = {American Physical Society},
  doi = {10.1103/PhysRevLett.39.252},
  url = {https://link.aps.org/doi/10.1103/PhysRevLett.39.252}
}
@article{BAGNAIA1983130,
title = "Evidence for $Z^{0}{\rightarrow}e^{+}e^{-}$ at the CERN pp collider",
journal = "Physics Letters B",
volume = "129",
number = "1",
pages = "130 - 140",
year = "1983",
issn = "0370-2693",
doi = "https://doi.org/10.1016/0370-2693(83)90744-X",
url = "http://www.sciencedirect.com/science/article/pii/037026938390744X",
author = "P. Bagnaia and others"
}
@article{PhysRevLett.74.2626,
  title = {Observation of Top Quark Production in $\overline{\mathit{p}}\mathit{p}$ Collisions with the Collider Detector at Fermilab},
  author = {Abe, F. and others},
  collaboration = {CDF Collaboration},
  journal = {Phys. Rev. Lett.},
  volume = {74},
  issue = {14},
  pages = {2626--2631},
  numpages = {0},
  year = {1995},
  month = {Apr},
  publisher = {American Physical Society},
  doi = {10.1103/PhysRevLett.74.2626},
  url = {https://link.aps.org/doi/10.1103/PhysRevLett.74.2626}
}
@article{PhysRevLett.74.2422,
  title = {Search for High Mass Top Quark Production in $\mathit{p}\overline{p}$ Collisions at $\sqrt{\mathit{s}}\phantom{\rule{0ex}{0ex}}=\phantom{\rule{0ex}{0ex}}$ 1.8 TeV},
  author = {Abachi, S. and others},
  collaboration = {D0 Collaboration},
  journal = {Phys. Rev. Lett.},
  volume = {74},
  issue = {13},
  pages = {2422--2426},
  numpages = {0},
  year = {1995},
  month = {Mar},
  publisher = {American Physical Society},
  doi = {10.1103/PhysRevLett.74.2422},
  url = {https://link.aps.org/doi/10.1103/PhysRevLett.74.2422}
}
@article{PhysRevD.88.052014,
  title = {Higgs boson studies at the Tevatron},
  author = {Aaltonen, T. and others},
  collaboration = {CDF Collaboration and D0 Collaboration},
  journal = {Phys. Rev. D},
  volume = {88},
  issue = {5},
  pages = {052014},
  numpages = {27},
  year = {2013},
  month = {Sep},
  publisher = {American Physical Society},
  doi = {10.1103/PhysRevD.88.052014},
  url = {https://link.aps.org/doi/10.1103/PhysRevD.88.052014}
}
@misc{ckmfitter,
  howpublished = "\url{http://ckmfitter.in2p3.fr/}"
}
@misc{gfitter,
  howpublished = "\url{http://project-gfitter.web.cern.ch/project-gfitter/}"
}
@misc{zfitter,
  howpublished = "\url{http://zfitter.com/}"
}
@misc{lepewwg,
  howpublished = "\url{http://lepewwg.web.cern.ch/LEPEWWG/}"
}

@article{Baak:2014ora,
      author         = "Baak, M. and others",
      title          = "{The global electroweak fit at NNLO and prospects for the
                        LHC and ILC}",
      collaboration  = "Gfitter Group",
      journal        = "Eur. Phys. J.",
      volume         = "C74",
      year           = "2014",
      pages          = "3046",
      doi            = "10.1140/epjc/s10052-014-3046-5",
      eprint         = "1407.3792",
      archivePrefix  = "arXiv",
      primaryClass   = "hep-ph",
      reportNumber   = "DESY-14-124",
      SLACcitation   = "%%CITATION = ARXIV:1407.3792;%%"
}
@article{Flacher:2008zq,
      author         = "Flacher, Henning and others",
      title          = "{Revisiting the Global Electroweak Fit of the Standard
                        Model and Beyond with Gfitter}",
      journal        = "Eur. Phys. J.",
      volume         = "C60",
      year           = "2009",
      pages          = "543-583",
      doi            = "10.1140/epjc/s10052-009-0966-6,
                        10.1140/epjc/s10052-011-1718-y",
      note           = "[Erratum: Eur. Phys. J.C71,1718(2011)]",
      eprint         = "0811.0009",
      archivePrefix  = "arXiv",
      primaryClass   = "hep-ph",
      reportNumber   = "CERN-OPEN-2008-024, DESY-08-160",
      SLACcitation   = "%%CITATION = ARXIV:0811.0009;%%"
}


@Comment{jabref-meta: databaseType:bibtex;}
